Name,Current Price,Previous Price,Price Per Each,Category,Product ID
English Cucumber,$1.99 ,$1.99 ,"1 ea, $1.99/1ea",Fresh Vegetables,20070132001_EA
Green Onion,$1.29 ,$1.29 ,"1 bunch, $1.29/1ea",Fresh Vegetables,20107500001_EA
"Bi-Colour Corn, Corn on the Cob",$0.99 ,$0.99 ,"1 ea, $0.99/1ea",Fresh Vegetables,20131170001_EA
"Romaine Heart, 3 Pack",$6.00 ,$6.00 ,"3 pack, $2.00/1ea",Fresh Vegetables,20067389001_EA
Red Peppers    ,$2.38 ,$2.38 ,$9.90/1kg,Fresh Vegetables,20007535001_KG
Yellow Onions,$2.99 ,$2.99 ,"3 lb bag, $0.22/100g",Fresh Vegetables,20811994001_EA
Celery Stalks,$3.49 ,$3.49 ,"1 ea, $3.49/1ea",Fresh Vegetables,20163119001_EA
Lettuce Iceberg,$3.99 ,$3.99 ,"1 ea, $3.99/1ea",Fresh Vegetables,20135326001_EA
Broccoli,$3.99 ,$3.99 ,"1 ea, $3.99/1ea",Fresh Vegetables,20145621001_EA
Red Onion,$2.03 ,$2.03 ,$5.49/1kg,Fresh Vegetables,20134101001_KG
Tomato Beefsteak  Red,$1.47 ,$1.47 ,$5.49/1kg,Fresh Vegetables,20426141001_KG
Zucchini,$0.92 ,$1.23 ,$3.28/1kg,Fresh Vegetables,20426596001_KG
Cauliflower,$4.49 ,$4.49 ,"1 ea, $4.49/1ea",Fresh Vegetables,20135377001_EA
Sweet Green Peppers,$2.46 ,$2.46 ,$8.80/1kg,Fresh Vegetables,20425893001_KG
English Cucumber 3Ct    ,$3.99 ,$3.99 ,"3 pack, $1.33/1ea",Fresh Vegetables,20828461001_EA
Roma Tomatoes,$0.39 ,$0.53 ,$3.28/1kg,Fresh Vegetables,20143381001_KG
Broccoli Crowns,$1.65 ,$3.34 ,$4.34/1kg,Fresh Vegetables,20026161001_KG
Tomato On The Vine Red (1 Bunch),$3.90 ,$3.90 ,$5.49/1kg,Fresh Vegetables,20026703001_KG
Ginger,$1.38 ,$1.48 ,$6.57/1kg,Fresh Vegetables,20179038001_KG
"Garlic Bulbs, 3-count",$0.99 ,$0.99 ,"90 g, $0.33/1ea",Fresh Vegetables,21004355001_EA
Naturally Imperfect Mixed Sweet Peppers 2.5lb Bag,$5.00 ,$6.00 ,"1.113 kg, $0.45/100g",Fresh Vegetables,20921434001_EA
Mini Cucumbers,$7.00 ,$7.00 ,"15x1.0 ea, $0.47/1ea",Fresh Vegetables,21035960001_EA
White Potatoes,$9.00 ,$9.00 ,"10 lb bag, $0.20/100g",Fresh Vegetables,20600997001_EA
Sweet Potato,$2.77 ,$2.77 ,$4.39/1kg,Fresh Vegetables,20127708001_KG
Sweet Baby Peppers (4-Pack),$6.00 ,$6.00 ,"1 ea, $1.50/1ea",Fresh Vegetables,20117550001_EA
Grape Tomatoes,$4.00 ,$4.00 ,"283 g, $1.41/100g",Fresh Vegetables,21367888001_EA
Grape Tomato 907G    ,$5.00 ,$5.00 ,"908 g, $0.55/100g",Fresh Vegetables,20840038001_EA
Sweet Onion,$2.73 ,$2.73 ,$5.93/1kg,Fresh Vegetables,20083454001_KG
Colossal Garlic,$1.32 ,$1.32 ,$13.21/1kg,Fresh Vegetables,20135581001_KG
"Greenhouse Peppers, Orange",$2.38 ,$2.38 ,$9.90/1kg,Fresh Vegetables,20166880001_KG
Mini Cucumbers,$4.00 ,$4.00 ,"6 pack, $0.67/1ea",Fresh Vegetables,20737570001_EA
Romaine Lettuce,$2.99 ,$2.99 ,"1 ea, $2.99/1ea",Fresh Vegetables,20065036001_EA
"Cabbage, Green",$4.77 ,$4.77 ,$2.84/1kg,Fresh Vegetables,20793034001_KG
"Greenhouse Peppers, Yellow",$2.48 ,$2.48 ,$9.90/1kg,Fresh Vegetables,20141814001_KG
Whole White Mushrooms,$5.00 ,$5.00 ,"454 g, $1.10/100g",Fresh Vegetables,/p/20738571_EA
Vine Tomato (Single Tomato),$2.11 ,$2.11 ,$6.59/1kg,Fresh Vegetables,20025417001_KG
Mini Carrots,$4.99 ,$4.99 ,"2 lb bag, $0.55/100g",Fresh Vegetables,20031454001_EA
Yellow Potato 10lb Bag,$8.00 ,$8.00 ,"10 lb bag, $0.18/100g",Fresh Vegetables,20601017001_EA
Radishes,$1.79 ,$1.79 ,"1 bunch, $1.79/1ea",Fresh Vegetables,20032320001_EA
Carrots 5lb Bag,$5.99 ,$5.99 ,"5 lb, $0.26/100g",Fresh Vegetables,20600928001_EA
Green Leaf Lettuce,$2.99 ,$2.99 ,"1 ea, $2.99/1ea",Fresh Vegetables,20133884001_EA
Yellow Mini Potatoes,$2.99 ,$3.99 ,"0.68 kg, $0.44/100g",Fresh Vegetables,21247300001_EA
White Onion,$2.03 ,$2.03 ,$5.49/1kg,Fresh Vegetables,20003839001_KG
Green Beans,$0.44 ,$0.44 ,$0.88/100g,Fresh Vegetables,20142683001_KG
Organic White Mushrooms,$3.50 ,$3.50 ,"227 g, $1.54/100g",Fresh Vegetables,/p/21021499_EA
Poblano Hot Peppers,$4.00 ,$4.00 ,"226 g, $1.77/100g",Fresh Vegetables,21454747001_EA
Long Eggplants (1Pack),$15.95 ,$15.95 ,$11.00/1kg,Fresh Vegetables,20686417001_KG
Carrots,$0.57 ,$0.57 ,$4.39/1kg,Fresh Vegetables,20116186001_KG
Jalapeno Peppers,$7.00 ,$7.00 ,"2000 ml, $0.35/100ml",Fresh Vegetables,21042283001_EA
Organic French Beans,$5.00 ,$5.00 ,"350 g, $1.43/100g",Fresh Vegetables,21126944001_EA
LoBok (Daikon Radish),$2.65 ,$3.08 ,$2.82/1kg,Fresh Vegetables,20082109001_KG
Organics Whole Shitake Mushrooms,$5.00 ,$5.00 ,"100 g, $5.00/100g",Fresh Vegetables,/p/20626629_EA
Naturally Imperfect Russet Potatoes,$7.00 ,$11.00 ,"20 lb bag, $0.00/1ea",Fresh Vegetables,20101572001_EA
Red Cabbage,$5.25 ,$5.25 ,$3.95/1kg,Fresh Vegetables,20773656001_KG
Yellow Zucchini,$1.48 ,$1.48 ,$5.49/1kg,Fresh Vegetables,20148363001_KG
Organic Red Potatoes,$5.99 ,$5.99 ,"3 lb bag, $0.44/100g",Fresh Vegetables,/p/20009380_EA
Radicchio Lettuce,$2.73 ,$2.73 ,$8.80/1kg,Fresh Vegetables,20149995001_KG
Axiany Cherry Tomatoes,$7.00 ,$7.00 ,"681 g, $1.03/100g",Fresh Vegetables,21090447001_EA
Chinese Long Beans (Bodie),$0.44 ,$0.44 ,$0.88/100g,Fresh Vegetables,20162508001_KG
Beets 5lb Bag,$4.99 ,$4.99 ,"5 lb, $0.22/100g",Fresh Vegetables,20951321001_EA
Oven BBQ Ready Onion Chive Potatoes,$3.99 ,$3.99 ,"454 g, $0.88/100g",Fresh Vegetables,/p/21397958_EA
Japanese Yams,$5.63 ,$5.63 ,$5.93/1kg,Fresh Vegetables,20524922001_KG
Whole Cremini Mushrooms,$3.00 ,$3.00 ,"200 g, $1.50/100g",Fresh Vegetables,/p/20981524_EA
Salted Duck Eggs,$3.49 ,$3.49 ,"1 ea, $0.92/100g",Fresh Vegetables,/p/20302306_EA
Organics Portobello Mushroom Caps,$5.00 ,$5.00 ,"2 pack, $2.94/100g",Fresh Vegetables,/p/20626950_EA
Russet Potatoes,$6.49 ,$8.00 ,"10 lb bag, $0.14/100g",Fresh Vegetables,20601020001_EA
Potato Baking Tray,$4.79 ,$4.79 ,"1 ea, $4.79/1ea",Fresh Vegetables,21035898001_EA
"Greenhouse Tomatoes on the Vine, 4lb box",$5.00 ,$5.00 ,"1.814 kg, $0.28/100g",Fresh Vegetables,21193040001_EA
Sour Cabbage Head,$9.78 ,$9.78 ,$5.49/1kg,Fresh Vegetables,21363957001_KG
Mixed Little Gems,$2.99 ,$3.99 ,"0.68 kg, $0.44/100g",Fresh Vegetables,21247301001_EA
"Spinach, Bunched",$2.99 ,$2.99 ,"1 ea, $2.99/1ea",Fresh Vegetables,20162840001_EA
Sliced Cremini Mushrooms,$5.00 ,$5.00 ,"454 g, $1.10/100g",Fresh Vegetables,/p/20763407_EA
Celery Hearts,$4.99 ,$4.99 ,"2 pack, $2.50/1ea",Fresh Vegetables,20100770001_EA
Red Potatoes,$1.43 ,$1.43 ,$5.49/1kg,Fresh Vegetables,20426724001_KG
Organics Portobello Mushroom Caps,$7.00 ,$7.00 ,"240 g, $2.92/100g",Fresh Vegetables,/p/21005197_EA
Ong Choy,$8.99 ,$8.99 ,"425 g, $2.12/100g",Fresh Vegetables,20921221001_EA
Garlic Stem,$7.91 ,$7.91 ,$12.96/1kg,Fresh Vegetables,20863124001_KG
Organic Tomato On The Vine Red (1 Bunch),$4.74 ,$5.54 ,$6.59/1kg,Fresh Vegetables,20127917001_KG
Avalantino Tomato,$4.00 ,$4.00 ,"454 g, $0.88/100g",Fresh Vegetables,20980482001_EA
Red Thai Hot Peppers,$5.00 ,$5.00 ,"75 g, $6.67/100g",Fresh Vegetables,21454495001_EA
Oven BBQ Ready Garlic Herb Potatoes,$3.99 ,$3.99 ,"454 g, $0.88/100g",Fresh Vegetables,/p/21391616_EA
Organic Cauliflower,$5.99 ,$5.99 ,"1 ea, $5.99/1ea",Fresh Vegetables,20001440001_EA
Buttercup Squash,$7.37 ,$7.37 ,$4.83/1kg,Fresh Vegetables,20317208001_KG
Cremini Mushrooms,$0.33 ,$0.33 ,$1.10/100g,Fresh Vegetables,20096584001_KG
Mini Carrots 1lb,$2.99 ,$2.99 ,"454 g, $0.66/100g",Fresh Vegetables,/p/20696621_EA
Snap Peas,$3.99 ,$3.99 ,"227 g, $1.76/100g",Fresh Vegetables,/p/20712998_EA
Sweet Onions 3lb Bag,$5.79 ,$5.79 ,"3 lb bag, $0.43/100g",Fresh Vegetables,/p/20155979_EA
Bok Choy,$2.62 ,$2.62 ,$3.28/1kg,Fresh Vegetables,20095057001_KG
Chinese Okra,$0.99 ,$0.99 ,$6.59/1kg,Fresh Vegetables,20113382001_KG
Sher-Li Hon,$2.64 ,$2.64 ,$5.05/1kg,Fresh Vegetables,20846824001_KG
Green Thai Hot Peppers,$5.00 ,$5.00 ,"75 g, $6.67/100g",Fresh Vegetables,21454049001_EA
Opo Squash,$2.77 ,$2.77 ,$4.39/1kg,Fresh Vegetables,20142055001_KG
Microwave Ready Lemon and Garden Herb Potatoes,$3.99 ,$3.99 ,"454 g, $0.88/100g",Fresh Vegetables,/p/21393908_EA
Chayote Squash,$1.49 ,$1.49 ,"1 ea, $1.49/1ea",Fresh Vegetables,20167837001_EA
French Bean,$8.00 ,$8.00 ,"680 g, $1.18/100g",Fresh Vegetables,21218906001_EA
Sweet Potatoes,$8.99 ,$8.99 ,"5 lb, $0.40/100g",Fresh Vegetables,20697331001_EA
Snap Peas,$6.99 ,$6.99 ,"425 g, $1.64/100g",Fresh Vegetables,/p/20645558_EA
Baby Boo Halloween Pumpkins,$4.00 ,$4.00 ,"6x1.0 ea, $0.67/1ea",Fresh Vegetables,/p/20135255_EA
Romaine Hearts,$9.00 ,$9.00 ,"6 pack, $1.50/1ea",Fresh Vegetables,20041478001_EA
Green Thai Hot Peppers,$5.00 ,$5.00 ,"75 g, $6.67/100g",Fresh Vegetables,21454049001_EA
Dried Porcini Mushrooms    ,$5.00 ,$5.00 ,"14 g, $35.71/100g",Fresh Vegetables,/p/20064292_EA
Jalapeno Hot Peppers,$4.00 ,$4.00 ,"226 g, $1.77/100g",Fresh Vegetables,21454762001_EA
Organic Iceberg Lettuce,$4.99 ,$4.99 ,"1 ea, $4.99/1ea",Fresh Vegetables,20619353001_EA
Organic Leeks,$7.99 ,$7.99 ,"1 bunch, $7.99/1ea",Fresh Vegetables,20003351001_EA
Organic Broccoli,$5.49 ,$5.49 ,"1 ea, $5.49/1ea",Fresh Vegetables,20149635001_EA
Organics Sliced Portobello Mushrooms,$5.00 ,$5.00 ,"170 g, $2.94/100g",Fresh Vegetables,/p/21005151_EA
Sher-Li Hon,$2.64 ,$2.64 ,$5.05/1kg,Fresh Vegetables,20846824001_KG
Bok Choy,$2.62 ,$2.62 ,$3.28/1kg,Fresh Vegetables,20095057001_KG
Chinese Okra,$0.99 ,$0.99 ,$6.59/1kg,Fresh Vegetables,20113382001_KG
Organic Grape Tomatoes,$4.50 ,$4.50 ,"280 g, $1.61/100g",Fresh Vegetables,20171177001_EA
Opo Squash,$2.77 ,$2.77 ,$4.39/1kg,Fresh Vegetables,20142055001_KG
Organic Russet Potatoes,$5.99 ,$5.99 ,"3 lb bag, $0.44/100g",Fresh Vegetables,20063146001_EA
Baby Bok Choy,$4.35 ,$4.35 ,$6.59/1kg,Fresh Vegetables,20082279001_KG
Yu Choy,$4.46 ,$4.46 ,$7.69/1kg,Fresh Vegetables,20847425001_KG
Fuzzy Squash,$3.92 ,$3.92 ,$4.39/1kg,Fresh Vegetables,20014919001_KG
Turnips,$2.09 ,$2.09 ,$5.49/1kg,Fresh Vegetables,20136107001_KG
Sweet Potatoes,$8.99 ,$8.99 ,"5 lb, $0.40/100g",Fresh Vegetables,20697331001_EA
Belgian Endive,$1.15 ,$1.15 ,$7.69/1kg,Fresh Vegetables,20094509001_KG
Organics Whole White Mushrooms,$4.00 ,$6.00 ,"454 g, $0.88/100g",Fresh Vegetables,21219496001_EA
"Tiger Halloween Pumpkins, 3 Pack",$6.00 ,$6.00 ,"1 ea, $6.00/1ea",Fresh Vegetables,/p/20214401_EA
Green Swiss Chard,$4.99 ,$4.99 ,"1 bunch, $4.99/1ea",Fresh Vegetables,20276364001_EA
Radish,$2.99 ,$2.99 ,"454 g, $0.66/100g",Fresh Vegetables,20175513001_EA
French Bean,$8.00 ,$8.00 ,"680 g, $1.18/100g",Fresh Vegetables,21218906001_EA
White Pumpkin,$4.00 ,$4.00 ,"1 ea, $4.00/1ea",Fresh Vegetables,20309809001_EA
Whole Oyster Mushrooms,$4.00 ,$4.00 ,"100 g, $4.00/100g",Fresh Vegetables,/p/20769135_EA
Russet Potato,$2.17 ,$2.17 ,$5.05/1kg,Fresh Vegetables,20025548001_KG
Organic Carrots Bunched,$3.99 ,$3.99 ,"1 bunch, $3.99/1ea",Fresh Vegetables,20056027001_EA
Mixed Peppers (6 Pack),$8.00 ,$8.00 ,"6x1.0 ea, $1.33/1ea",Fresh Vegetables,21030970001_EA
Live Lettuce Tri Mix - 1 Unit,$4.00 ,$4.00 ,"350 g, $4.00/1ea",Fresh Vegetables,/p/21178850_EA
Okra,$1.10 ,$1.10 ,$11.00/1kg,Fresh Vegetables,20091263001_KG
Snap Peas,$3.99 ,$3.99 ,"200 g, $2.00/100g",Fresh Vegetables,21023581001_EA
Organic Red Onions,$4.99 ,$4.99 ,"2 lb, $0.55/100g",Fresh Vegetables,21110026001_EA
White Mushrooms,$0.33 ,$0.33 ,$1.10/100g,Fresh Vegetables,20321225001_KG
Shanghai Bok Choy,$4.22 ,$4.22 ,$6.59/1kg,Fresh Vegetables,20032454001_KG
Red Leaf Lettuce,$2.99 ,$2.99 ,"1 ea, $2.99/1ea",Fresh Vegetables,20305726001_EA
Field Cucumbers,$1.49 ,$1.49 ,"1 ea, $1.49/1ea",Fresh Vegetables,20027651001_EA
"Peppers, Mini",$6.00 ,$6.00 ,"454 g, $1.32/100g",Fresh Vegetables,20889400001_EA
Live Lettuce Boston,$3.49 ,$3.49 ,"1 ea, $3.49/1ea",Fresh Vegetables,/p/21212489_EA
Pumpkin Mix Varietal,$6.00 ,$6.00 ,"1 ea, $6.00/1ea",Fresh Vegetables,21341204001_EA
Asparagus,$7.79 ,$7.79 ,$13.21/1kg,Fresh Vegetables,20174581001_KG
Mini Cucumbers ,$5.00 ,$5.00 ,"454 g, $1.10/100g",Fresh Vegetables,21284406001_EA
Peeled Garlic,$4.66 ,$4.66 ,$8.80/1kg,Fresh Vegetables,/p/20901966_KG
Red Potatoes 10lb Bag,$8.00 ,$8.00 ,"10 lb bag, $0.18/100g",Fresh Vegetables,20601013001_EA
Organic Peppers,$5.00 ,$5.00 ,"2 pack, $2.50/1ea",Fresh Vegetables,20690699001_EA
Peeled Garlic,$4.66 ,$4.66 ,$8.80/1kg,Fresh Vegetables,/p/20901966_KG
Red Potatoes 10lb Bag,$8.00 ,$8.00 ,"10 lb bag, $0.18/100g",Fresh Vegetables,20601013001_EA
"Chanterelle Mushrooms, Dried",$5.00 ,$5.00 ,"14 g, $35.71/100g",Fresh Vegetables,/p/20123799_EA
Asparagus,$7.79 ,$7.79 ,$13.21/1kg,Fresh Vegetables,20174581001_KG
"Peppers, Mini",$6.00 ,$6.00 ,"454 g, $1.32/100g",Fresh Vegetables,20889400001_EA
Live Lettuce Boston,$3.49 ,$3.49 ,"1 ea, $3.49/1ea",Fresh Vegetables,/p/21212489_EA
Pumpkin Mix Varietal,$6.00 ,$6.00 ,"1 ea, $6.00/1ea",Fresh Vegetables,21341204001_EA
Mini Cucumbers ,$5.00 ,$5.00 ,"454 g, $1.10/100g",Fresh Vegetables,21284406001_EA
White Mushrooms,$0.33 ,$0.33 ,$1.10/100g,Fresh Vegetables,20321225001_KG
Shanghai Bok Choy,$4.22 ,$4.22 ,$6.59/1kg,Fresh Vegetables,20032454001_KG
Red Leaf Lettuce,$2.99 ,$2.99 ,"1 ea, $2.99/1ea",Fresh Vegetables,20305726001_EA
"Red Beets, Bunched",$4.99 ,$4.99 ,"1 bunch, $4.99/1ea",Fresh Vegetables,20174607001_EA
Organic Peppers,$5.00 ,$5.00 ,"2 pack, $2.50/1ea",Fresh Vegetables,20690699001_EA
Grey Zucchini,$1.32 ,$1.32 ,$5.49/1kg,Fresh Vegetables,20036780001_KG
Cassava,$3.28 ,$3.28 ,$4.83/1kg,Fresh Vegetables,20087682001_KG
Hot Finger Peppers,$0.18 ,$0.18 ,$15.41/1kg,Fresh Vegetables,20083681001_KG
Organic Garlic,$2.99 ,$2.99 ,"115 g, $2.60/100g",Fresh Vegetables,20717130001_EA
Romaine Lettuce Hearts,$5.99 ,$8.00 ,"3 ea, $2.00/1ea",Fresh Vegetables,20599776001_EA
Brussels Sprouts,$0.33 ,$0.33 ,$11.00/1kg,Fresh Vegetables,20036155001_KG
Rhubarb,$4.49 ,$4.49 ,"1 ea, $4.49/1ea",Fresh Vegetables,20140538001_EA
Portobello Mushroom Caps,$6.00 ,$6.00 ,"4 pack, $2.86/100g",Fresh Vegetables,/p/20753132_EA
"Morel Mushrooms, Dried",$9.00 ,$9.00 ,"14 g, $64.29/100g",Fresh Vegetables,/p/20179714_EA
"Fresh Creamer Potatoes Roasted Garlic, Rosemary & Thyme",$3.99 ,$3.99 ,"454 g, $0.88/100g",Fresh Vegetables,/p/21450100_EA
Organic Green Cabbage,$9.61 ,$9.61 ,$5.49/1kg,Fresh Vegetables,20125182001_KG
Jamaican Aloe,$2.33 ,$2.33 ,$4.39/1kg,Fresh Vegetables,20866469001_KG
Chinese Napa Cabbage,$4.92 ,$4.92 ,$4.39/1kg,Fresh Vegetables,20015025001_KG
Organics Whole Cremini Mushrooms,$3.50 ,$3.50 ,"227 g, $1.54/100g",Fresh Vegetables,/p/21021565_EA
Villagio Marzano Tomatoes,$7.00 ,$7.00 ,"681 g, $10.28/1kg",Fresh Vegetables,20889119001_EA
Whole Cremini Mushrooms,$5.00 ,$5.00 ,"454 g, $1.10/100g",Fresh Vegetables,/p/20761372_EA
Whole White Mushrooms,$2.99 ,$2.99 ,"200 g, $1.50/100g",Fresh Vegetables,/p/20743502_EA
"Green Peppers, Half Case",$20.00 ,$20.00 ,"1 ea, $20.00/1ea",Fresh Vegetables,/p/20044159_EA
Naturally Imperfect White Mushrooms,$5.00 ,$5.00 ,"680 g, $0.74/100g",Fresh Vegetables,/p/20937529_EA
"Organic English Cucumber, Pack of 2",$6.00 ,$6.00 ,"1 ea, $3.00/1ea",Fresh Vegetables,20935933001_EA
Organic Ginger,$2.99 ,$2.99 ,"160 g, $1.87/100g",Fresh Vegetables,21102204001_EA
Yu Choy Sum,$5.15 ,$5.15 ,$7.69/1kg,Fresh Vegetables,20171853001_KG
Red Onions,$10.99 ,$10.99 ,"10 lb bag, $0.24/100g",Fresh Vegetables,20171965001_EA
Red Field Peppers,$5.00 ,$5.00 ,"1 ea, $1.25/1ea",Fresh Vegetables,20013208001_EA
Snow Peas,$3.99 ,$3.99 ,"170 g, $2.35/100g",Fresh Vegetables,/p/20712967_EA
Peeled Garlic cloves,$4.99 ,$4.99 ,"454 g, $1.10/100g",Fresh Vegetables,/p/20685144_EA
Carrots 2 LB,$2.99 ,$2.99 ,"2 lb, $0.33/100g",Fresh Vegetables,20626628001_EA
Shanghai Bok Choy Jr.,$3.81 ,$4.61 ,$6.35/1kg,Fresh Vegetables,20073098001_KG
Brown Shimeji Mushrooms,$3.00 ,$3.00 ,"150 g, $2.00/100g",Fresh Vegetables,/p/20667391_EA
Red Onions,$4.99 ,$4.99 ,"3 lb bag, $0.37/100g",Fresh Vegetables,20811362001_EA
Mixed Dried Mushrooms,$5.00 ,$5.00 ,"14 g, $35.71/100g",Fresh Vegetables,/p/20055688_EA
Anaheim Hot Peppers,$4.00 ,$4.00 ,"170 g, $2.35/100g",Fresh Vegetables,21454729001_EA
Rutabaga,$4.17 ,$4.17 ,$2.62/1kg,Fresh Vegetables,20164563001_KG
"Chinese Carrots, Jumbo",$3.26 ,$3.26 ,$4.39/1kg,Fresh Vegetables,20851084001_KG
"Carrots, Bunched",$2.99 ,$2.99 ,"1 bunch, $2.99/1ea",Fresh Vegetables,20047449001_EA
White Potatoes,$6.99 ,$6.99 ,"5 lb bag, $0.31/100g",Fresh Vegetables,20600995001_EA
Jalapeno Peppers,$0.44 ,$0.44 ,$8.80/1kg,Fresh Vegetables,20088387001_KG
Savoy Cabbage,$3.85 ,$3.85 ,$3.95/1kg,Fresh Vegetables,21291599001_KG
Fennel,$5.49 ,$5.49 ,"1 ea, $5.49/1ea",Fresh Vegetables,20003346001_EA
Rapini,$3.99 ,$3.99 ,"1 bunch, $3.99/1ea",Fresh Vegetables,20048070001_EA
Organic Carrots,$3.49 ,$3.49 ,"2 lb bag, $0.38/100g",Fresh Vegetables,/p/20053421_EA
Caribbean Sweet Potatoes,$1.70 ,$1.70 ,$5.49/1kg,Fresh Vegetables,20169868001_KG
Bean Sprouts    ,$2.49 ,$2.49 ,"340 g, $0.73/100g",Fresh Vegetables,20951751001_EA
Baby Bok Choy Jr,$4.25 ,$5.15 ,$6.35/1kg,Fresh Vegetables,20099639001_KG
White Sweet Potato,$1.98 ,$1.98 ,$3.95/1kg,Fresh Vegetables,20834145001_KG
"Eggplant, Baby",$0.55 ,$0.55 ,$5.49/1kg,Fresh Vegetables,20055882001_KG
Kabocha Squash,$9.90 ,$9.90 ,$4.83/1kg,Fresh Vegetables,20326319001_KG
Chinese Broccoli (gai lan),$5.37 ,$5.37 ,$8.80/1kg,Fresh Vegetables,20003604001_KG
White Potatoes,$1.98 ,$1.98 ,$5.49/1kg,Fresh Vegetables,20025066001_KG
Butternut Squash,$7.78 ,$7.78 ,$4.83/1kg,Fresh Vegetables,20325274001_KG
Purple Eggplants,$3.76 ,$3.76 ,$6.59/1kg,Fresh Vegetables,20155709001_KG
Organic Beet Bunch,$5.49 ,$5.49 ,"699 g, $0.79/100g",Fresh Vegetables,21095252001_EA
Red Hot Thai Peppers,$4.25 ,$4.25 ,$33.05/1kg,Fresh Vegetables,20896056001_KG
Sugar Snap Peas  ,$8.99 ,$8.99 ,"0.68 kg, $1.32/100g",Fresh Vegetables,/p/21204035_EA
Karela,$0.71 ,$0.71 ,$5.49/1kg,Fresh Vegetables,20028046001_KG
Celery Hearts,$5.99 ,$5.99 ,"1 ea, $3.00/1ea",Fresh Vegetables,20600792001_EA
Organics Sliced Cremini Mushrooms,$4.00 ,$4.00 ,"227 g, $1.76/100g",Fresh Vegetables,/p/21005382_EA
Cauliflower Florets,$4.18 ,$4.18 ,$11.00/1kg,Fresh Vegetables,/p/20143564_KG
"Onions, Medium",$27.99 ,$27.99 ,"22.68 kg, $0.12/100g",Fresh Vegetables,20056879001_EA
Yellow Caribe Hot Peppers,$4.00 ,$4.00 ,"226 g, $1.50/100g",Fresh Vegetables,21454679001_EA
"Decorative Corn, pack of 3",$4.00 ,$4.00 ,"1 ea, $4.00/1ea",Fresh Vegetables,/p/20276055_EA
Don Qua,$7.06 ,$7.06 ,$6.59/1kg,Fresh Vegetables,20175056001_KG
Organics Yellow Onions,$3.99 ,$3.99 ,"2 lb bag, $0.44/100g",Fresh Vegetables,/p/20107532_EA
Red Swiss Chard,$4.99 ,$4.99 ,"1 bunch, $4.99/1ea",Fresh Vegetables,20275935001_EA
"Pepper, Assorted",$1.29 ,$1.29 ,$4.39/1kg,Fresh Vegetables,/p/20774796_KG
Baby Eggplants (1 pack),$3.70 ,$3.70 ,$8.80/1kg,Fresh Vegetables,20686400001_KG
Organic Whole Cremini Mushroooms,$4.00 ,$6.00 ,"454 g, $0.88/100g",Fresh Vegetables,21219539001_EA
Green Peppers,$5.00 ,$5.00 ,"1 ea, $1.25/1ea",Fresh Vegetables,20115233001_EA
Lotus Root,$3.30 ,$3.30 ,$6.59/1kg,Fresh Vegetables,20048557001_KG
Fingerling Potatoes,$3.99 ,$3.99 ,"680 g, $0.59/100g",Fresh Vegetables,21244987001_EA
Roma Tomatoes,$6.00 ,$6.00 ,"1 ea, $0.44/100g",Fresh Vegetables,20887498001_EA
Kohlrabi,$2.69 ,$2.69 ,$5.49/1kg,Fresh Vegetables,20178532001_KG
"Hot Peppers, Long",$2.20 ,$2.20 ,$11.00/1kg,Fresh Vegetables,20749922001_KG
Jamaican Sweet Potatoes,$4.66 ,$4.66 ,$11.66/1kg,Fresh Vegetables,20130919001_KG
Brussels Sprout Bag 907g,$7.99 ,$7.99 ,"907 g, $0.88/100g",Fresh Vegetables,21456738001_EA
Red Beets,$0.50 ,$0.50 ,$2.62/1kg,Fresh Vegetables,20150181001_KG
Kale,$2.49 ,$2.49 ,"1 bunch, $2.49/1ea",Fresh Vegetables,20138805001_EA
Yellow Potatoes,$7.99 ,$7.99 ,"5 lb bag, $0.35/100g",Fresh Vegetables,20601014001_EA
Mixiany Tomato 454G,$6.00 ,$6.00 ,"454 g, $1.32/100g",Fresh Vegetables,21215367001_EA
Fenugreek,$2.49 ,$2.49 ,"1 bunch, $2.49/1ea",Fresh Vegetables,20159689001_EA
Axiany Cherry Tomatoes,$4.00 ,$4.00 ,"0.225 kg, $1.78/100g",Fresh Vegetables,21089853001_EA
Taiwanese Flat Cabbage,$4.96 ,$4.96 ,$4.39/1kg,Fresh Vegetables,20020863001_KG
Red Fresno Hot Peppers,$4.00 ,$4.00 ,"113 g, $3.54/100g",Fresh Vegetables,21454051001_EA
Kale,$2.49 ,$2.49 ,"1 bunch, $2.49/1ea",Fresh Vegetables,20138805001_EA
"Pepper, Assorted",$1.29 ,$1.29 ,$4.39/1kg,Fresh Vegetables,/p/20774796_KG
Baby Eggplants (1 pack),$3.70 ,$3.70 ,$8.80/1kg,Fresh Vegetables,20686400001_KG
Red Swiss Chard,$4.99 ,$4.99 ,"1 bunch, $4.99/1ea",Fresh Vegetables,20275935001_EA
Spaghetti Squash,$6.09 ,$6.09 ,$4.83/1kg,Fresh Vegetables,20307900001_KG
Acorn Squash,$4.06 ,$4.06 ,$4.83/1kg,Fresh Vegetables,20071263001_KG
Gai Lan Jr.,$5.23 ,$5.23 ,$11.00/1kg,Fresh Vegetables,20846823001_KG
Eddoes,$0.99 ,$0.99 ,$6.59/1kg,Fresh Vegetables,20126133001_KG
Cucumber Dill,$1.65 ,$1.65 ,$5.49/1kg,Fresh Vegetables,20147807001_KG
Watercress,$3.49 ,$3.49 ,"1 bunch, $3.49/1ea",Fresh Vegetables,20143101001_EA
Chinese Bitter Melons,$1.21 ,$1.69 ,$5.49/1kg,Fresh Vegetables,20101393001_KG
Baby Napa (Suey Choy),$3.49 ,$3.49 ,"545 g, $0.64/100g",Fresh Vegetables,/p/20644368_EA
Serrano Hot Peppers,$4.00 ,$4.00 ,"113 g, $3.54/100g",Fresh Vegetables,21454746001_EA
Ruby Little Gems Potatoes,$2.99 ,$3.99 ,"0.68 kg, $0.44/100g",Fresh Vegetables,21247299001_EA
Purple Sweet Potatoes,$4.00 ,$4.00 ,$4.39/1kg,Fresh Vegetables,20849858001_KG
Variety Pack Tomatoes,$7.00 ,$7.00 ,"680 g, $1.03/100g",Fresh Vegetables,20949866001_EA
Microwave Ready Savoury Herb Potatoes,$3.99 ,$3.99 ,"454 g, $0.88/100g",Fresh Vegetables,/p/21391602_EA
Yellow Onions,$9.00 ,$9.00 ,"10 lb bag, $0.20/100g",Fresh Vegetables,20600991001_EA
Sliced White Mushrooms,$5.00 ,$5.00 ,"454 g, $1.10/100g",Fresh Vegetables,/p/20768283_EA
Organic Cucumber Mini,$4.99 ,$4.99 ,"342 g, $0.83/1ea",Fresh Vegetables,20935931001_EA
Long Eggplants,$1.10 ,$1.37 ,$4.39/1kg,Fresh Vegetables,20159013001_KG
Organic Asparagus,$6.49 ,$6.49 ,"340 g, $1.91/100g",Fresh Vegetables,21003749001_EA
Stuffer White Mushrooms,$5.00 ,$5.00 ,"6 pack, $1.56/100g",Fresh Vegetables,/p/20752725_EA
"Pumpkin, Large",$4.00 ,$4.00 ,"1 ea, $4.00/1ea",Fresh Vegetables,20081484001_EA
Brown Mushrooms,$5.00 ,$5.00 ,"680 g, $0.74/100g",Fresh Vegetables,/p/20938403_EA
 Sweet Corn 5 Pack,$4.99 ,$4.99 ,"1 ea, $4.99/1ea",Fresh Vegetables,20214929001_EA
"Mushroom White, Sliced",$4.00 ,$4.00 ,"227 g, $1.76/100g",Fresh Vegetables,/p/21021587_EA
Organics Whole Oyster Mushrooms,$5.00 ,$5.00 ,"100 g, $5.00/100g",Fresh Vegetables,/p/21005184_EA
Thai Eggplant,$4.08 ,$4.08 ,$7.69/1kg,Fresh Vegetables,20862698001_KG
Fresh Creamer Potatoes Smoked Salt,$3.99 ,$3.99 ,"454 g, $0.88/100g",Fresh Vegetables,/p/21432298_EA
Cucumber Dill Basket,$5.00 ,$5.00 ,"3 l, $0.17/100ml",Fresh Vegetables,20062076001_EA
French Beans,$5.00 ,$5.00 ,"400 g, $1.25/100g",Fresh Vegetables,/p/20889720_EA
Sliced White Mushrooms,$2.99 ,$2.99 ,"200 g, $1.50/100g",Fresh Vegetables,/p/20754079_EA
"Mini Halloween Pumpkins, 6 Pack",$4.00 ,$4.00 ,"1 ea, $0.34/100g",Fresh Vegetables,/p/20054508_EA
"Halloween Gourds, Package of 7",$4.00 ,$4.00 ,"7x1.0 ea, $0.57/1ea",Fresh Vegetables,/p/20042184_EA
Lemongrass,$1.49 ,$1.49 ,"1 ea, $1.49/1ea",Fresh Vegetables,/p/20562078_EA
Organic Sweet Potatoes 3lb Bag,$7.99 ,$7.99 ,"3 lb bag, $0.59/100g",Fresh Vegetables,20639082001_EA
Garlic Bulbs,$4.99 ,$4.99 ,"1 kg, $0.50/100g",Fresh Vegetables,21238843001_EA
Gobo Root,$2.49 ,$2.49 ,$3.95/1kg,Fresh Vegetables,20889234001_KG
Organic Yellow Potatoes,$5.99 ,$5.99 ,"3 lb bag, $0.44/100g",Fresh Vegetables,/p/20075900_EA
Thai Green Chili Peppers,$2.16 ,$2.16 ,$30.84/1kg,Fresh Vegetables,20010072001_KG
Leeks,$6.99 ,$6.99 ,"1 bunch, $6.99/1ea",Fresh Vegetables,20090117001_EA
Russet Potatoes ,$5.99 ,$5.99 ,"5 lb bag, $0.26/100g",Fresh Vegetables,20616206001_EA
Parsnips 1lb Bag,$4.99 ,$4.99 ,"1 lb bag, $1.10/100g",Fresh Vegetables,/p/20081596_EA
"Bananas, Bunch",$1.75 ,$1.75 ,$1.52/1kg,Fresh Fruits,20175355001_KG
Red Seedless Watermelon,$8.99 ,$8.99 ,"1 ea, $8.99/1ea",Fresh Fruits,20067326001_EA
Strawberries 1LB,$5.99 ,$5.99 ,"454 g, $1.32/100g",Fresh Fruits,20049778001_EA
Peaches ,$6.99 ,$8.00 ,"3 l, $0.23/100ml",Fresh Fruits,20826568001_EA
PC Extra Large Green Seedless Grapes,$8.98 ,$8.98 ,$8.80/1kg,Fresh Fruits,20425775001_KG
Blueberries 1 pint,$5.99 ,$5.99 ,"340 g, $1.76/100g",Fresh Fruits,20080137001_EA
Avocados Bag,$5.99 ,$5.99 ,"1 bag, $1.20/1ea",Fresh Fruits,20142232001_EA
Lemon,$0.99 ,$0.99 ,"1 ea, $0.99/1ea",Fresh Fruits,20028593001_EA
Raspberries 1/2 pint,$4.99 ,$4.99 ,"170 g, $2.94/100g",Fresh Fruits,20128938001_EA
Cantaloupe,$3.99 ,$3.99 ,"1 ea, $3.99/1ea",Fresh Fruits,20167017001_EA
PC Extra Large Red Seedless Grapes,$8.71 ,$8.71 ,$8.80/1kg,Fresh Fruits,20159199001_KG
Limes,$0.99 ,$0.99 ,"1 ea, $0.99/1ea",Fresh Fruits,20040489001_EA
"Organic Bananas, Bunch",$2.16 ,$2.16 ,$1.96/1kg,Fresh Fruits,20139509001_KG
Royal Gala Apples,$1.38 ,$1.38 ,$6.59/1kg,Fresh Fruits,20083526001_KG
Strawberries 2LB,$9.99 ,$9.99 ,"907 g, $1.10/100g",Fresh Fruits,20069661001_EA
Nectarine,$6.99 ,$8.00 ,"2 l, $0.35/100ml",Fresh Fruits,20905336001_EA
Navel Orange,$1.92 ,$1.92 ,$5.49/1kg,Fresh Fruits,20426078001_KG
Avocado,$1.99 ,$1.99 ,"1 ea, $1.99/1ea",Fresh Fruits,21097012001_EA
Honeycrisp Apples,$2.11 ,$2.11 ,$8.80/1kg,Fresh Fruits,20132621001_KG
Pineapple,$4.99 ,$4.99 ,"1 ea, $4.99/1ea",Fresh Fruits,20160992001_EA
Raspberry Pint ,$8.99 ,$8.99 ,"340 g, $2.64/100g",Fresh Fruits,20034947001_EA
Blackberries 1/2 Pint,$4.49 ,$4.49 ,"170 g, $2.64/100g",Fresh Fruits,20051015001_EA
Green Seedless Grapes,$7.00 ,$7.00 ,"907 g, $0.77/100g",Fresh Fruits,20045896001_EA
Mango,$1.69 ,$1.79 ,"1 ea, $1.69/1ea",Fresh Fruits,20059635001_EA
Granny Smith Apples,$1.32 ,$1.32 ,$6.59/1kg,Fresh Fruits,20253488001_KG
Mandarin Oranges,$5.99 ,$5.99 ,"1.36 kg, $0.44/100g",Fresh Fruits,20864961001_EA
Blueberries,$7.99 ,$7.99 ,"510 g, $1.57/100g",Fresh Fruits,20338666001_EA
Kiwis,$0.99 ,$0.99 ,"1 ea, $0.99/1ea",Fresh Fruits,20130242001_EA
Red Seedless Grapes,$7.00 ,$7.00 ,"907 g, $0.77/100g",Fresh Fruits,20254491001_EA
"Apple, Orchard Run Sunrise",$0.42 ,$0.57 ,$2.12/1kg,Fresh Fruits,20189559001_KG
Pink Lady Apples,$1.38 ,$1.38 ,$6.59/1kg,Fresh Fruits,20093376001_KG
Organic Strawberries 1 LB,$6.99 ,$6.99 ,"454 g, $1.54/100g",Fresh Fruits,20313872001_EA
"Plums, Black or Red",$0.88 ,$0.88 ,$8.80/1kg,Fresh Fruits,20316478001_KG
Blue Plums,$3.99 ,$5.00 ,"1.5 l, $0.27/100ml",Fresh Fruits,20911284001_EA
Ambrosia Apples,$1.45 ,$1.45 ,$6.59/1kg,Fresh Fruits,20092614001_KG
"Bartlett Pears, Orchid Run",$0.87 ,$0.99 ,$3.28/1kg,Fresh Fruits,20022235001_KG
"Plantains, Single",$0.94 ,$0.94 ,$2.84/1kg,Fresh Fruits,20111926001_KG
Atemoya,$5.49 ,$5.49 ,"1 ea, $5.49/1ea",Fresh Fruits,20965690001_EA
Flavour Burst Sungold Golden Kiwi,$6.99 ,$6.99 ,"454 g, $1.54/100g",Fresh Fruits,20985015001_EA
Red Delicious Apples,$8.00 ,$8.00 ,"5 lb, $0.35/100g",Fresh Fruits,20163784001_EA
Kiwi Fruit,$8.99 ,$8.99 ,"907 g, $0.99/100g",Fresh Fruits,21474138001_EA
Santa Claus Melons,$6.24 ,$6.24 ,$3.28/1kg,Fresh Fruits,21023094001_KG
Naturally Imperfect Apples 8lb Bag,$8.00 ,$8.00 ,"3.6 kg, $0.22/100g",Fresh Fruits,20896777001_EA
Black Figs,$1.49 ,$1.49 ,"1 ea, $1.49/1ea",Fresh Fruits,20081682001_EA
Star Fruit,$2.99 ,$2.99 ,"1 ea, $2.99/1ea",Fresh Fruits,20050741001_EA
Ataulfo Mango,$2.79 ,$2.79 ,"1 ea, $2.79/1ea",Fresh Fruits,20121509001_EA
Gala Apples,$1.45 ,$1.45 ,$6.59/1kg,Fresh Fruits,20100756001_KG
Plum ,$8.00 ,$8.00 ,"907 g, $0.88/100g",Fresh Fruits,21312582001_EA
Pink Lady Apples 5lb Bag,$9.50 ,$9.50 ,"5 lb bag, $0.42/100g",Fresh Fruits,20697766001_EA
Organic Lemons,$6.00 ,$6.00 ,"2 lb bag, $0.66/100g",Fresh Fruits,20146331001_EA
McIntosh Apples,$1.32 ,$1.32 ,$6.59/1kg,Fresh Fruits,20039956001_KG
Naturally Imperfect Limes,$5.00 ,$5.00 ,"907 g, $0.55/100g",Fresh Fruits,21124368001_EA
Ambrosia Apples 5lb Bag,$8.50 ,$8.50 ,"5 lb bag, $0.37/100g",Fresh Fruits,20630646001_EA
Red Delicious Apples,$1.38 ,$1.38 ,$6.59/1kg,Fresh Fruits,20073899001_KG
Black Figs,$8.99 ,$8.99 ,"340 g, $2.64/100g",Fresh Fruits,21165372001_EA
"Durian, Frozen",$22.00 ,$22.00 ,$11.00/1kg,Fresh Fruits,20072801001_KG
Navel Oranges Cara Cara,$7.99 ,$7.99 ,"3 lb bag, $0.59/100g",Fresh Fruits,20697748001_EA
Naturally Imperfect Lemons,$7.00 ,$7.00 ,"4 lb bag, $0.38/100g",Fresh Fruits,21124488001_EA
Caribbean Avocado,$5.99 ,$5.99 ,"1 ea, $5.99/1ea",Fresh Fruits,20119760001_EA
Donut Peach,$8.80 ,$8.80 ,$8.80/1kg,Fresh Fruits,21313668001_KG
Gala Apples,$9.50 ,$9.50 ,"6 lb bag, $0.35/100g",Fresh Fruits,20184127001_EA
Red Grapefruit,$6.00 ,$6.00 ,"3 lb bag, $0.44/100g",Fresh Fruits,20118409001_EA
Organic Fuji Apples,$6.50 ,$6.50 ,"3 lb bag, $0.48/100g",Fresh Fruits,20613154001_EA
Organic Bartlett Pears,$1.32 ,$1.32 ,$6.59/1kg,Fresh Fruits,20061097001_KG
Naturally Imperfect Avocados,$8.00 ,$8.00 ,"3 lb bag, $0.59/100g",Fresh Fruits,21086003001_EA
Apple Cosmic Crisp,$1.58 ,$1.58 ,$6.59/1kg,Fresh Fruits,21240884001_KG
Yellow Asian Pears,$1.76 ,$1.76 ,$5.49/1kg,Fresh Fruits,20035618001_KG
Navel Oranges,$8.00 ,$8.00 ,"2.27 kg, $0.35/100g",Fresh Fruits,20853463001_EA
Black Seedless Grapes,$15.07 ,$15.07 ,$11.00/1kg,Fresh Fruits,20711275001_KG
Chocolate Caramel Apples,$8.00 ,$8.00 ,"1 ea, $8.00/1ea",Fresh Fruits,/p/20025930_EA
Black Mission Figs,$4.99 ,$4.99 ,"227 g, $2.20/100g",Fresh Fruits,20038235001_EA
Brown Pears Gift Box (Case),$9.44 ,$9.44 ,"5 kg, $0.19/100g",Fresh Fruits,p/20867080_C01
Organic Lime,$5.00 ,$5.00 ,"1 lb bag, $1.10/100g",Fresh Fruits,20435942001_EA
Blueberries,$6.99 ,$6.99 ,"277 g, $2.52/100g",Fresh Fruits,21179969001_EA
Prickly Pears,$1.29 ,$1.29 ,"1 ea, $1.29/1ea",Fresh Fruits,20048357001_EA
"Mango, Sweet",$3.41 ,$3.41 ,$8.75/1kg,Fresh Fruits,20868984001_KG
Organic Raspberries 1/2 pint,$5.99 ,$5.99 ,"170 g, $3.52/100g",Fresh Fruits,20056190001_EA
Fuji Apples,$9.00 ,$9.00 ,"2.268 kg, $0.40/100g",Fresh Fruits,20051459001_EA
Lemons 3lb Bag,$7.00 ,$7.00 ,"3 lb bag, $0.51/100g",Fresh Fruits,20798811001_EA
Cactus Pears 12X4ct ,$1.98 ,$1.98 ,"4x1.0 ea, $0.50/1ea",Fresh Fruits,21121511001_EA
Apple Cosmic Crisp (5lb Bag),$8.50 ,$8.50 ,"8x2.27 ea, $8.50/1ea",Fresh Fruits,21465188001_EA
Organic Kiwi,$3.99 ,$3.99 ,"454 g, $0.88/100g",Fresh Fruits,21351670001_EA
Plums,$7.00 ,$7.00 ,"907 g, $7.00/1ea",Fresh Fruits,20594316001_EA
Jazz Apples,$1.38 ,$1.38 ,$6.59/1kg,Fresh Fruits,20061287001_KG
McIntosh Apples,$8.00 ,$8.00 ,"5 lb bag, $0.35/100g",Fresh Fruits,20625305001_EA
Dragon Fruit,$2.88 ,$5.99 ,"1 ea, $2.88/1ea",Fresh Fruits,20168395001_EA
Papaya,$5.38 ,$5.71 ,$4.14/1kg,Fresh Fruits,20817066001_KG
Yellow Peaches,$1.32 ,$1.76 ,$6.59/1kg,Fresh Fruits,20311564001_KG
Grape Sweet Carnival,$11.00 ,$11.00 ,$11.00/1kg,Fresh Fruits,21336795001_KG
Large Organic Pineapple,$5.99 ,$5.99 ,"1 ea, $5.99/1ea",Fresh Fruits,20002956001_EA
Canary Melon,$3.25 ,$3.25 ,$1.49/1lb,Fresh Fruits,21022511001_KG
Passion Fruit,$1.99 ,$1.99 ,"1 ea, $1.99/1ea",Fresh Fruits,20003716001_EA
Granny Smith Apples,$9.50 ,$9.50 ,"2.27 kg, $0.42/100g",Fresh Fruits,21031518001_EA
Yellow Dragon Fruit,$4.99 ,$4.99 ,"1 ea, $4.99/1ea",Fresh Fruits,20626393001_EA
Solo Papaya,$6.99 ,$6.99 ,"1 ea, $6.99/1ea",Fresh Fruits,20004393001_EA
Organic Mango,$1.99 ,$1.99 ,"1 ea, $1.99/1ea",Fresh Fruits,20084654001_EA
"Avocados, Bag",$6.50 ,$6.50 ,"3 pack, $2.17/1ea",Fresh Fruits,20680596001_EA
Hami Melons,$12.82 ,$12.82 ,$4.39/1kg,Fresh Fruits,21051297001_KG
Ontario Greenhouse-Grown Strawberries ,$5.99 ,$5.99 ,"340 g, $1.76/100g",Fresh Fruits,21027142001_EA
Mini Seedless Watermelon,$6.00 ,$6.00 ,"1 ea, $6.00/1ea",Fresh Fruits,20145379001_EA
Organic Navel Oranges 3lb Bag,$7.00 ,$7.00 ,"1.36 kg, $0.51/100g",Fresh Fruits,20323404001_EA
White Flesh Nectarine,$1.06 ,$1.06 ,$8.80/1kg,Fresh Fruits,20218569001_KG
Fresh Coconut Young,$2.99 ,$4.99 ,"1 ea, $2.99/1ea",Fresh Fruits,20157487001_EA
Water Chestnuts,$2.49 ,$2.49 ,"454 g, $0.55/100g",Fresh Fruits,/p/20745794_EA
Honeydew Melon,$6.99 ,$6.99 ,"1 ea, $6.99/1ea",Fresh Fruits,20045276001_EA
Plumcots,$5.80 ,$7.74 ,$6.59/1kg,Fresh Fruits,20176879001_KG
Apriplum,$11.00 ,$11.00 ,$11.00/1kg,Fresh Fruits,21200881001_KG
Orchard Run Gala Apples,$0.60 ,$0.69 ,$2.84/1kg,Fresh Fruits,21160658001_KG
Green Seedless Grapes,$8.00 ,$8.00 ,"907 g, $0.88/100g",Fresh Fruits,20285555001_EA
Mandarin Halo,$8.00 ,$8.00 ,"1362 g, $0.59/100g",Fresh Fruits,21163100001_EA
Organic Honeydew Melon,$6.99 ,$6.99 ,"1 ea, $6.99/1ea",Fresh Fruits,20289708001_EA
Barlett Pears 5lb Bag,$9.50 ,$9.50 ,"5 lb bag, $0.42/100g",Fresh Fruits,21032823001_EA
Red Grapefruit,$1.99 ,$1.99 ,"1 ea, $1.99/1ea",Fresh Fruits,20020516001_EA
Organic Blackberries,$4.99 ,$4.99 ,"170 g, $2.94/100g",Fresh Fruits,20128072001_EA
Fuji Apples,$1.58 ,$1.58 ,$6.59/1kg,Fresh Fruits,20310940001_KG
Blackberries 1 pint,$7.99 ,$7.99 ,"340 g, $2.35/100g",Fresh Fruits,20138228001_EA
Mango Red 3Ct,$5.49 ,$5.49 ,"3 ea, $1.83/1ea",Fresh Fruits,21387721001_EA
White Pummelos,$2.88 ,$4.99 ,"1 ea, $2.88/1ea",Fresh Fruits,20042410001_EA
Organic Bartlett Pears,$8.00 ,$8.00 ,"3 lb bag, $0.59/100g",Fresh Fruits,20622455001_EA
Guava,$4.99 ,$4.99 ,"650 g, $0.77/100g",Fresh Fruits,20975633001_EA
Mandarin Oranges,$0.93 ,$0.93 ,$5.49/1kg,Fresh Fruits,20072482001_KG
Blue Plums,$0.18 ,$0.26 ,$4.39/1kg,Fresh Fruits,20335481001_KG
Pomegranate,$3.49 ,$3.49 ,"1 ea, $3.49/1ea",Fresh Fruits,20134767001_EA
Green Figs,$1.29 ,$1.29 ,"1 ea, $1.29/1ea",Fresh Fruits,20219700001_EA
Pineapple Honeyglow,$5.99 ,$5.99 ,"1 ea, $5.99/1ea",Fresh Fruits,21197812001_EA
Sugar Cane,$4.99 ,$4.99 ,"1 ea, $4.99/1ea",Fresh Fruits,20708073001_EA
Coconuts,$3.99 ,$3.99 ,"1 ea, $3.99/1ea",Fresh Fruits,20005774001_EA
Red Seedless Grapes,$8.00 ,$8.00 ,"907 g, $0.88/100g",Fresh Fruits,20286043001_EA
Yellow Nectarines,$1.23 ,$1.23 ,$8.80/1kg,Fresh Fruits,20138563001_KG
White Peaches,$1.32 ,$1.32 ,$8.80/1kg,Fresh Fruits,20109121001_KG
Gala Apples 3Lb Bag,$6.99 ,$6.99 ,"3 lb bag, $0.51/100g",Fresh Fruits,20606349001_EA
Minneola Tangelos,$1.22 ,$1.22 ,$5.49/1kg,Fresh Fruits,20179252001_KG
Granadilla,$2.49 ,$2.49 ,"1 ea, $2.49/1ea",Fresh Fruits,20696626001_EA
Black Seedless Grapes,$8.00 ,$8.00 ,"907 g, $0.88/100g",Fresh Fruits,20282624001_EA
Seedless Mandarins,$0.82 ,$0.82 ,$5.49/1kg,Fresh Fruits,20287894001_KG
Organic Cantaloupe,$5.99 ,$5.99 ,"1 ea, $5.99/1ea",Fresh Fruits,20127944001_EA
Organic Mini Watermelon,$8.00 ,$8.00 ,"2.1 kg, $8.00/1ea",Fresh Fruits,20739522001_EA
Bosc Pears,$1.45 ,$1.45 ,$6.59/1kg,Fresh Fruits,20287815001_KG
Coleslaw,$2.99 ,$2.99 ,"397 g, $0.75/100g",Packaged Salad & Dressing,/p/21204248_EA
Baby Spinach,$3.99 ,$3.99 ,"0.142 kg, $2.81/100g",Packaged Salad & Dressing,/p/21203746_EA
Baby Spinach,$5.99 ,$5.99 ,"0.312 kg, $1.92/100g",Packaged Salad & Dressing,/p/21204386_EA
Sweet Kale Salad Kit,$5.49 ,$5.49 ,"340 g, $1.61/100g",Packaged Salad & Dressing,/p/20674118_EA
Organics Baby Spinach,$4.99 ,$4.99 ,"142 g, $3.51/100g",Packaged Salad & Dressing,/p/20305277_EA
Dill Pickle Chopped Salad Kit,$5.99 ,$5.99 ,"341 g, $1.80/100g",Packaged Salad & Dressing,/p/21335159_EA
Organics Baby Spinach,$6.99 ,$6.99 ,"312 g, $2.24/100g",Packaged Salad & Dressing,/p/20127207_EA
Spring Mix,$3.99 ,$3.99 ,"0.142 kg, $2.81/100g",Packaged Salad & Dressing,/p/21203748_EA
Spring Mix,$5.99 ,$5.99 ,"0.312 kg, $1.92/100g",Packaged Salad & Dressing,/p/21204385_EA
Caesar Salad Kit,$4.49 ,$4.49 ,"282 g, $1.59/100g",Packaged Salad & Dressing,/p/21334801_EA
Arugula,$3.99 ,$3.99 ,"0.142 kg, $2.81/100g",Packaged Salad & Dressing,/p/21203743_EA
Garden Salad,$3.99 ,$3.99 ,"0.34 kg, $1.17/100g",Packaged Salad & Dressing,/p/21204304_EA
Baby Arugula,$4.99 ,$4.99 ,"142 g, $3.51/100g",Packaged Salad & Dressing,/p/20314039_EA
Organics Field Greens Salad Mix,$6.99 ,$6.99 ,"312 g, $2.24/100g",Packaged Salad & Dressing,/p/20323751_EA
Popeye Baby Spinach Mix,$3.99 ,$3.99 ,"284 g, $1.40/100g",Packaged Salad & Dressing,/p/20020870_EA
Salad Kit Chopped Sesame Wonton ,$5.49 ,$5.49 ,"347 g, $1.58/100g",Packaged Salad & Dressing,/p/21378027_EA
Cello Spinach,$4.99 ,$4.99 ,"283.5 g, $1.76/100g",Packaged Salad & Dressing,/p/20156570_EA
Chipotle Ranch Chop Salad Kit,$5.49 ,$5.49 ,"340 g, $1.61/100g",Packaged Salad & Dressing,/p/21378071_EA
Caesar Salad Kit,$3.99 ,$3.99 ,"283 g, $1.41/100g",Packaged Salad & Dressing,/p/21333977_EA
Chopped Mexican Style Street Corn Salad Kit,$5.49 ,$5.49 ,"285 g, $1.93/100g",Packaged Salad & Dressing,/p/21448996_EA
Caesar Salad Chop Kit,$5.49 ,$5.49 ,"298 g, $1.84/100g",Packaged Salad & Dressing,/p/21378085_EA
Everything Chopped Salad Kit,$5.99 ,$5.99 ,"336 g, $1.78/100g",Packaged Salad & Dressing,/p/21335140_EA
Baby Arugula Spinach Blend,$3.99 ,$3.99 ,"0.142 kg, $2.81/100g",Packaged Salad & Dressing,/p/21203744_EA
Buffalo Ranch Chopped Salad Kit,$5.99 ,$5.99 ,"383 g, $1.56/100g",Packaged Salad & Dressing,/p/21381575_EA
Bacon Caesar Chop Salad Kit,$5.49 ,$5.49 ,"326 g, $1.68/100g",Packaged Salad & Dressing,/p/21378024_EA
50-50 Blend - A Blend of Baby Spinach and Field Greens,$4.99 ,$4.99 ,"0.283 kg, $1.76/100g",Packaged Salad & Dressing,/p/21204253_EA
Organics Field Greens Salad Mix,$4.99 ,$4.99 ,"142 g, $3.51/100g",Packaged Salad & Dressing,/p/20312523_EA
Broccoli Crunch Chopped Salad Kit,$5.99 ,$5.99 ,"360 g, $1.66/100g",Packaged Salad & Dressing,/p/21381584_EA
Romaine Salad,$3.99 ,$3.99 ,"0.255 kg, $1.56/100g",Packaged Salad & Dressing,/p/21204034_EA
Large Caesar Salad,$8.00 ,$8.00 ,"558 g, $1.61/100g",Packaged Salad & Dressing,/p/21363212_EA
Maple Bourbon Bacon Chopped Salad Kit,$5.99 ,$5.99 ,"315 g, $1.90/100g",Packaged Salad & Dressing,/p/21414456_EA
Loads Of Garlic Caesar Salad Kit,$5.49 ,$5.49 ,"319 g, $1.72/100g",Packaged Salad & Dressing,/p/21378122_EA
Broccoli Slaw,$3.99 ,$3.99 ,"340 g, $1.17/100g",Packaged Salad & Dressing,/p/20961110_EA
Kale Slaw,$3.99 ,$3.99 ,"340 g, $1.17/100g",Packaged Salad & Dressing,/p/20960988_EA
Southwest Salad Kit,$5.49 ,$5.49 ,"369 g, $1.49/100g",Packaged Salad & Dressing,/p/21378098_EA
Barbecue Ranch Chopped Salad Kit,$5.49 ,$5.49 ,"369 g, $1.49/100g",Packaged Salad & Dressing,/p/21378038_EA
Avocado Ranch Chopped Salad Kit,$5.49 ,$5.49 ,"347 g, $1.58/100g",Packaged Salad & Dressing,/p/21378031_EA
Guacamole Crunch Chopped Salad Kit,$5.99 ,$5.99 ,"319 g, $1.88/100g",Packaged Salad & Dressing,/p/21381581_EA
"Veggie Dip, Ranch",$4.99 ,$4.99 ,"340 g, $1.47/100g",Packaged Salad & Dressing,/p/20322970_EA
Caesar Salad Kit,$5.99 ,$6.99 ,"586 g, $1.02/100g",Packaged Salad & Dressing,/p/21334788_EA
Large Greek Salad,$8.00 ,$8.00 ,"740 g, $1.08/100g",Packaged Salad & Dressing,/p/21363221_EA
Thai Chili Mango Chopped Salad Kit,$5.99 ,$5.99 ,"319 g, $1.88/100g",Packaged Salad & Dressing,/p/21381577_EA
Mixed Greens,$3.99 ,$3.99 ,"0.34 kg, $1.17/100g",Packaged Salad & Dressing,/p/21204300_EA
Popeye Select Spinach,$9.99 ,$9.99 ,"1 kg, $0.88/100g",Packaged Salad & Dressing,/p/20104062_EA
Caesar Salad Family Size,$15.00 ,$15.00 ,"785 g, $2.03/100g",Packaged Salad & Dressing,/p/20972499_EA
Arugula & Baby Spinach Salad Mix,$4.99 ,$4.99 ,"142 g, $3.51/100g",Packaged Salad & Dressing,/p/21020913_EA
Coleslaw,$6.99 ,$6.99 ,"1.36 kg, $0.51/100g",Packaged Salad & Dressing,/p/21203752_EA
Washed Lettuce Crispies & Crunchies,$4.99 ,$4.99 ,"142x142.0 g, $3.51/100g",Packaged Salad & Dressing,/p/21118067_EA
Washed Lettuce Crispies & Crunchies,$4.99 ,$4.99 ,"142x142.0 g, $3.51/100g",Packaged Salad & Dressing,/p/21118067_EA
"Chopped Salad Kit, Vegetable Blend with Plant Based Salad Dressing",$5.99 ,$5.99 ,"0.328 kg, $1.83/100g",Packaged Salad & Dressing,/p/21543041_EA
Creamy Greek Pouch 44Ml,$0.55 ,$0.55 ,"44 ml, $1.25/100ml",Packaged Salad & Dressing,/p/21333727_EA
Rose Spring Salad Mix,$4.99 ,$4.99 ,"142 g, $3.51/100g",Packaged Salad & Dressing,/p/21208336_EA
Mighty Caesar Dressing,$0.55 ,$0.55 ,"42 g, $1.31/100g",Packaged Salad & Dressing,/p/20597536_EA
Ranch Refrigerated Dip,$5.99 ,$5.99 ,"283 g, $2.12/100g",Packaged Salad & Dressing,/p/21428905_EA
"Broccoli Salad, Mini",$4.00 ,$4.00 ,"210 g, $1.90/100g",Packaged Salad & Dressing,/p/21048739_EA
Large Chicken Caesar Salad,$10.00 ,$10.00 ,"626 g, $1.60/100g",Packaged Salad & Dressing,/p/21363220_EA
Small Sweet Kale Salad,$8.81 ,$8.81 ,$22.02/1kg,Packaged Salad & Dressing,/p/20974222_KG
Romaine Salad Family Size,$12.00 ,$12.00 ,"1 kg, $1.20/100g",Packaged Salad & Dressing,/p/20972512_EA
Greek Chicken Salad,$4.40 ,$4.40 ,$17.61/1kg,Packaged Salad & Dressing,/p/20774148_KG
Pizza Ranch Mini Chopped Salad Kit,$3.99 ,$3.99 ,"0.132 kg, $3.02/100g",Packaged Salad & Dressing,/p/21543037_EA
Poppyseed Pouch 44Ml,$0.55 ,$0.55 ,"44 ml, $1.25/100ml",Packaged Salad & Dressing,/p/21333718_EA
Cauliflower Slaw,$3.99 ,$3.99 ,"0.34 kg, $1.17/100g",Packaged Salad & Dressing,/p/21205492_EA
"Pineapple Vegetable Kebab, 4 pack",$8.00 ,$8.00 ,"764 g, $1.05/100g",Packaged Salad & Dressing,/p/21456920_EA
"Mushroom Kebab, 4 pack",$8.00 ,$8.00 ,"604 g, $1.32/100g",Packaged Salad & Dressing,/p/21456919_EA
Nashville Hot Mini Chopped Salad Kit,$3.99 ,$3.99 ,"0.122 kg, $3.27/100g",Packaged Salad & Dressing,/p/21543023_EA
Organic Field Greens & Baby Spinach - Salad Mix,$6.99 ,$6.99 ,"312 g, $2.24/100g",Packaged Salad & Dressing,/p/21020931_EA
Chopped Romaine,$6.99 ,$6.99 ,"0.907 kg, $0.77/100g",Packaged Salad & Dressing,/p/21204250_EA
"Chicken BLT Salad, Small",$5.05 ,$5.05 ,$18.72/1kg,Packaged Salad & Dressing,/p/20072865_KG
Caesar Mini Chopped Salad Kit,$3.99 ,$3.99 ,"0.125 kg, $3.19/100g",Packaged Salad & Dressing,/p/21543027_EA
Spring Mix Salad with Toppings Single Sized,$4.99 ,$4.99 ,"155 g, $3.22/100g",Packaged Salad & Dressing,/p/20513376_EA
Washed Lettuce Multileaf Blend,$4.99 ,$4.99 ,"142 g, $3.51/100g",Packaged Salad & Dressing,/p/21118071_EA
Garden Salad,$6.99 ,$6.99 ,"1.36 kg, $0.51/100g",Packaged Salad & Dressing,/p/21203713_EA
"Kale, Chard and Spinach Salad Mix",$4.99 ,$4.99 ,"142 g, $3.51/100g",Packaged Salad & Dressing,/p/20611100_EA
"Veggie Dip, Spinach",$4.99 ,$4.99 ,"340 g, $1.47/100g",Packaged Salad & Dressing,/p/20302834_EA
Spring Herb Vinagrette Pouch,$0.55 ,$0.55 ,"45 ml, $1.22/100ml",Packaged Salad & Dressing,/p/21183322_EA
Caesar Salad with Toppings Single Sized,$4.99 ,$4.99 ,"175 g, $2.85/100g",Packaged Salad & Dressing,/p/20513380_EA
Large Shrimp & Bacon Caesar Salad,$12.00 ,$12.00 ,"926 g, $1.30/100g",Packaged Salad & Dressing,/p/21518505_EA
"Spinach Salad with Goat Cheese, Small",$5.73 ,$5.73 ,$22.02/1kg,Packaged Salad & Dressing,/p/20071954_KG
Tomato and Boncconcini Salad,$6.34 ,$6.34 ,$19.82/1kg,Packaged Salad & Dressing,/p/20774150_KG
Large House Cheddar Salad,$10.00 ,$10.00 ,"648 g, $1.54/100g",Packaged Salad & Dressing,/p/21363225_EA
Canadian Reds Lettuce,$4.99 ,$4.99 ,"142 g, $3.51/100g",Packaged Salad & Dressing,/p/21217503_EA
Greek Salad Family Size,$15.00 ,$15.00 ,"1 kg, $1.50/100g",Packaged Salad & Dressing,/p/20972500_EA
Sweet Kale Salad Kit,$4.99 ,$4.99 ,"340 g, $1.47/100g",Packaged Salad & Dressing,/p/21334070_EA
"Veggie Dip, Light Ranch",$4.99 ,$4.99 ,"340 g, $1.47/100g",Packaged Salad & Dressing,/p/20174734_EA
"Chicken Caesar Salad, Small",$5.35 ,$5.35 ,$19.82/1kg,Packaged Salad & Dressing,/p/20016718_KG
"California Salad, Small",$3.08 ,$3.08 ,$17.61/1kg,Packaged Salad & Dressing,/p/20175121_KG
"Chick Pea Salad, Mini",$4.00 ,$4.00 ,"550 g, $1.10/100g",Packaged Salad & Dressing,/p/21048741_EA
Chopped Kit Organic Lemon Parmesan,$6.99 ,$6.99 ,"0.249 kg, $2.81/100g",Packaged Salad & Dressing,/p/21542624_EA
Sweet Kale Salad Family Size,$15.00 ,$15.00 ,"1 ea, $15.00/1ea",Packaged Salad & Dressing,/p/21007757_EA
Balsamic Vinaigrette Pouch,$0.55 ,$0.55 ,"45 ml, $1.22/100ml",Packaged Salad & Dressing,/p/21183277_EA
Large Steak & Egg Salad,$13.00 ,$13.00 ,"698 g, $1.86/100g",Packaged Salad & Dressing,/p/21432397_EA
Citrus Crunch Mini Chopped Salad Kit,$3.99 ,$3.99 ,"0.132 kg, $3.02/100g",Packaged Salad & Dressing,/p/21543033_EA
Chicken Salad  (After 11am),$2.47 ,$2.47 ,$13.90/1kg,Packaged Salad & Dressing,/p/20670545_KG
Dressing Blue Cheese,$0.55 ,$0.55 ,"44 ml, $1.25/100ml",Packaged Salad & Dressing,/p/21206954_EA
Dip Organic Ranch,$4.29 ,$4.29 ,"283 g, $1.52/100g",Packaged Salad & Dressing,/p/21290132_EA
"Kale Caesar Chopped Kit, Organic, 156 G",$6.99 ,$6.99 ,"0.207 kg, $3.38/100g",Packaged Salad & Dressing,/p/21542647_EA
Dressing Blue Cheese,$0.55 ,$0.55 ,"44 ml, $1.25/100ml",Packaged Salad & Dressing,/p/21206954_EA
"Southwestern Chicken Salad, Family Size",$15.00 ,$15.00 ,"1.47 kg, $1.09/100g",Packaged Salad & Dressing,/p/21209369_EA
Greek Vinaigrette Pouch,$0.55 ,$0.55 ,"45 ml, $1.22/100ml",Packaged Salad & Dressing,/p/21183321_EA
"Cobb Salad, Small",$7.63 ,$7.63 ,$23.13/1kg,Packaged Salad & Dressing,/p/20599494_KG
Ranch Pouch 44Ml,$0.55 ,$0.55 ,"44 ml, $1.25/100ml",Packaged Salad & Dressing,/p/21206951_EA
Dressing Caesar,$0.55 ,$0.55 ,"44 ml, $1.25/100ml",Packaged Salad & Dressing,/p/21206952_EA
"Chimichurri Chopped Kit, Organic, 241 G",$6.99 ,$6.99 ,"0.305 kg, $2.29/100g",Packaged Salad & Dressing,/p/21542617_EA
"Shrimp & Bacon Caesar Salad, Mini",$4.00 ,$4.00 ,"280 g, $1.43/100g",Packaged Salad & Dressing,/p/21518501_EA
Classic Bowl ,$4.99 ,$4.99 ,"213 g, $2.34/100g",Packaged Salad & Dressing,/p/21334527_EA
Minis,$4.99 ,$4.99 ,"227 g, $2.20/100g",Packaged Salad & Dressing,/p/20859140_EA
Dill Refrigerated Dip,$5.99 ,$5.99 ,"283 g, $2.12/100g",Packaged Salad & Dressing,/p/21429109_EA
French Onion Refrigerated Dip,$5.99 ,$5.99 ,"283 g, $2.12/100g",Packaged Salad & Dressing,/p/21429104_EA
Large House Salad,$8.00 ,$8.00 ,"658 g, $1.22/100g",Packaged Salad & Dressing,/p/21363223_EA
"Veggie Dip, Southwest Ranch",$4.99 ,$4.99 ,"340 g, $1.47/100g",Packaged Salad & Dressing,/p/20039279_EA
Watermelon Crunch Chopped Salad Kit,$5.99 ,$5.99 ,"267 g, $2.24/100g",Packaged Salad & Dressing,/p/21397250_EA
"Caesar Salad, Small",$4.05 ,$4.05 ,$17.61/1kg,Packaged Salad & Dressing,/p/20011985_KG
"Greek Salad, Small",$5.46 ,$5.46 ,$17.61/1kg,Packaged Salad & Dressing,/p/20159936_KG
Apple Cider Vin Pouch 45 Ml,$0.55 ,$0.55 ,"45 ml, $1.22/100ml",Packaged Salad & Dressing,/p/21183370_EA
Sweet Chili Refrigerated Dip,$5.99 ,$5.99 ,"283 g, $2.12/100g",Packaged Salad & Dressing,/p/21429112_EA
"Veggie Dip, Ranch Snack Pack",$4.99 ,$4.99 ,"43 g, $11.60/100g",Packaged Salad & Dressing,/p/20133848_EA
Salad Kit Sweet Kale Club Size,$6.00 ,$6.99 ,"680 g, $0.88/100g",Packaged Salad & Dressing,/p/21498289_EA
Baby Spinach And Tender Red Lettuce,$3.99 ,$3.99 ,"0.142 kg, $2.81/100g",Packaged Salad & Dressing,/p/21203747_EA
Cilantro,$0.99 ,$1.29 ,"1 bunch, $0.99/1ea",Herbs,20091825001_EA
Italian Parsley,$2.49 ,$2.49 ,"1 bunch, $2.49/1ea",Herbs,20139141001_EA
Curly Parsley,$1.99 ,$1.99 ,"1 bunch, $1.99/1ea",Herbs,20015746001_EA
"Fresh Dill, Baby",$2.99 ,$2.99 ,"1 bunch, $2.99/1ea",Herbs,20185183001_EA
Basil,$2.49 ,$2.49 ,28 g,Herbs,/p/21184798_EA
"Mint, Fresh",$1.99 ,$1.99 ,"1 bunch, $1.99/1ea",Herbs,20139326001_EA
Thyme ,$2.49 ,$2.49 ,28 g,Herbs,/p/21184888_EA
Mint,$2.49 ,$2.49 ,28 g,Herbs,/p/21184835_EA
Rosemary,$2.49 ,$2.49 ,28 g,Herbs,/p/21184843_EA
Chives,$2.49 ,$2.49 ,28 g,Herbs,/p/21184809_EA
Basil,$4.99 ,$4.99 ,80 g,Herbs,/p/21184893_EA
Organic Basil,$2.99 ,$2.99 ,20 g,Herbs,/p/20914801_EA
Organic Mint,$2.99 ,$2.99 ,20 g,Herbs,/p/20915386_EA
Organic Rosemary,$2.99 ,$2.99 ,20 g,Herbs,/p/20937494_EA
Organic Thyme,$2.99 ,$2.99 ,20 g,Herbs,/p/20915170_EA
Dill Weed for Pickling,$2.99 ,$2.99 ,"1 ea, $2.99/1ea",Herbs,20047465001_EA
Oregano,$2.49 ,$2.49 ,28 g,Herbs,/p/21184838_EA
Sage,$2.49 ,$2.49 ,28 g,Herbs,/p/21184860_EA
Fresh Poultry Herb Blend,$2.49 ,$2.49 ,28 g,Herbs,/p/21184842_EA
Paste Ginger,$4.99 ,$4.99 ,"80 g, $6.24/100g",Herbs,/p/21507114_EA
Organic Chives,$2.99 ,$2.99 ,"20 g, $14.95/100g",Herbs,/p/20915665_EA
Paste Garlic,$4.99 ,$4.99 ,"80 g, $6.24/100g",Herbs,/p/21507087_EA
Paste Cilantro,$4.99 ,$4.99 ,"80 g, $6.24/100g",Herbs,/p/21507126_EA
Paste Basil,$4.99 ,$4.99 ,"80 g, $6.24/100g",Herbs,/p/21507077_EA
Lightly Dried Cilantro,$4.99 ,$4.99 ,"10 g, $49.90/100g",Herbs,/p/21004700_EA
Lightly Dried Basil,$4.99 ,$4.99 ,"12 g, $41.58/100g",Herbs,/p/21004692_EA
Tarragon,$2.49 ,$2.49 ,28 g,Herbs,/p/21184886_EA
Paste Chunky Garlic,$4.99 ,$4.99 ,"80 g, $6.24/100g",Herbs,/p/21507080_EA
Lightly Dried Parsley,$4.99 ,$4.99 ,"10 g, $49.90/100g",Herbs,/p/21004586_EA
Thai Basil,$2.49 ,$2.49 ,28 g,Herbs,/p/21185313_EA
Paste Lemongrass,$4.99 ,$4.99 ,"80 g, $6.24/100g",Herbs,/p/21507494_EA
Paste Italian Herbs,$4.99 ,$4.99 ,"80 g, $6.24/100g",Herbs,/p/21507117_EA
Paste Thai Seasoning,$4.99 ,$4.99 ,"80 g, $6.24/100g",Herbs,/p/21507125_EA
Stir-In Paste Thai Seasoning,$4.99 ,$4.99 ,"115 g, $4.34/100g",Herbs,/p/21208537_EA
Watermelon Quarters,$3.12 ,$3.12 ,$2.18/1kg,Fresh Cut Fruits & Vegetables,/p/20161074_KG
Broccoli Florets,$4.99 ,$4.99 ,"340 g, $1.47/100g",Fresh Cut Fruits & Vegetables,/p/20039812_EA
Watermelon Large,$2.43 ,$2.43 ,$5.93/1kg,Fresh Cut Fruits & Vegetables,/p/20023359_KG
"Veggie Platter, Small",$14.00 ,$14.00 ,"850 g, $1.61/100g",Fresh Cut Fruits & Vegetables,/p/20171929_EA
Duda Celery Sticks,$4.99 ,$4.99 ,"454 g, $1.10/100g",Fresh Cut Fruits & Vegetables,/p/20810898_EA
Broccoli Florets,$8.99 ,$8.99 ,"907 g, $0.99/100g",Fresh Cut Fruits & Vegetables,/p/20562728_EA
Green Beans,$5.99 ,$5.99 ,"340 g, $1.76/100g",Fresh Cut Fruits & Vegetables,/p/20528803_EA
Mixed Fruit Parfait,$4.00 ,$4.00 ,"290 g, $1.36/100g",Fresh Cut Fruits & Vegetables,/p/20083678_EA
Veggie Tripack,$10.00 ,$10.00 ,"800 g, $1.20/100g",Fresh Cut Fruits & Vegetables,/p/20025276_EA
Mixed Melon Large,$3.08 ,$3.08 ,$7.69/1kg,Fresh Cut Fruits & Vegetables,/p/20062772_KG
Cored Pineapple,$8.00 ,$8.00 ,"595 g, $1.34/100g",Fresh Cut Fruits & Vegetables,/p/21016085_EA
Pineapple Spears,$6.00 ,$6.00 ,"595 g, $1.01/100g",Fresh Cut Fruits & Vegetables,/p/21022413_EA
Cantaloupe Large,$2.61 ,$2.61 ,$7.69/1kg,Fresh Cut Fruits & Vegetables,/p/20090134_KG
Sun Rich Sliced Red Apples,$6.00 ,$6.00 ,"595 g, $1.01/100g",Fresh Cut Fruits & Vegetables,/p/20502082_EA
Vegetable Medley,$4.99 ,$4.99 ,"340 g, $1.47/100g",Fresh Cut Fruits & Vegetables,/p/20186654_EA
Strawberries Small,$5.00 ,$5.00 ,"325 g, $1.54/100g",Fresh Cut Fruits & Vegetables,/p/21219787_EA
Fruit Salad Small,$6.15 ,$6.15 ,$14.31/1kg,Fresh Cut Fruits & Vegetables,/p/20136223_KG
Pineapple Large,$5.39 ,$5.39 ,$14.97/1kg,Fresh Cut Fruits & Vegetables,/p/20037814_KG
Greek Yogurt Parfait,$4.00 ,$4.00 ,"290 g, $1.38/100g",Fresh Cut Fruits & Vegetables,/p/20657325_EA
"Fresh Berry Bowl, Large",$7.22 ,$7.22 ,$17.61/1kg,Fresh Cut Fruits & Vegetables,/p/20176607_KG
"Veggie Platter, Small ",$14.00 ,$14.00 ,"962 g, $1.46/100g",Fresh Cut Fruits & Vegetables,/p/21209365_EA
Cooked Beets,$3.69 ,$3.69 ,"250 g, $1.48/100g",Fresh Cut Fruits & Vegetables,/p/20873228_EA
Organic Broccoli Florets,$6.99 ,$6.99 ,"284 g, $2.46/100g",Fresh Cut Fruits & Vegetables,/p/20959290_EA
"Snack Cup, Grapes & Cheese",$4.00 ,$4.00 ,"200 g, $2.00/100g",Fresh Cut Fruits & Vegetables,/p/20875291_EA
"Ready Veggie, Kale Blend",$5.99 ,$5.99 ,"340 g, $1.76/100g",Fresh Cut Fruits & Vegetables,/p/21095404_EA
Kiwi-Strawberry Large,$12.19 ,$12.19 ,$17.17/1kg,Fresh Cut Fruits & Vegetables,/p/20100222_KG
Vegetable Medley,$8.99 ,$8.99 ,"907 g, $0.99/100g",Fresh Cut Fruits & Vegetables,/p/20562729_EA
Lunch Size Veggies & Dip,$5.06 ,$5.06 ,$11.00/1kg,Fresh Cut Fruits & Vegetables,/p/20142478_KG
"Snack Cup, Veggies & Dip",$4.00 ,$4.00 ,"200 g, $1.88/100g",Fresh Cut Fruits & Vegetables,/p/20875292_EA
Fresh Fruit Snack Cup,$4.00 ,$4.00 ,"220 g, $1.82/100g",Fresh Cut Fruits & Vegetables,/p/20883330_EA
Cauliflower Florets,$5.99 ,$5.99 ,"340 g, $1.76/100g",Fresh Cut Fruits & Vegetables,/p/21125710_EA
Broccoli Slaw,$7.99 ,$7.99 ,"907 g, $0.88/100g",Fresh Cut Fruits & Vegetables,/p/20335126_EA
Organic Cooked Beets,$5.99 ,$5.99 ,"250 ea, $2.40/100g",Fresh Cut Fruits & Vegetables,/p/20873229_EA
Crumbled Cauliflower,$4.99 ,$4.99 ,"340 g, $1.47/100g",Fresh Cut Fruits & Vegetables,/p/21042359_EA
Organic Green Beans,$6.99 ,$6.99 ,"283 g, $2.47/100g",Fresh Cut Fruits & Vegetables,/p/21025276_EA
"Roasted Peanuts, No Salt",$7.00 ,$7.00 ,"907 g, $0.77/100g",Dried Fruits & Nuts,/p/20996039_EA
Roasted Peanuts In Shell,$14.00 ,$14.00 ,"2 kg, $0.70/100g",Dried Fruits & Nuts,/p/20293477_EA
Dates Medjool,$10.97 ,$12.00 ,"907 g, $1.21/100g",Dried Fruits & Nuts,/p/20001686_EA
Salted California Pistachios,$4.79 ,$4.79 ,"225 g, $2.13/100g",Dried Fruits & Nuts,/p/20940014_EA
Unsalted California Pistachios ,$4.79 ,$4.79 ,"225 g, $2.13/100g",Dried Fruits & Nuts,/p/20940332_EA
Salted Virginia Peanuts,$4.49 ,$4.49 ,"454 g, $0.99/100g",Dried Fruits & Nuts,/p/20997920_EA
Salted California Pistachios,$9.00 ,$9.00 ,"454 g, $1.98/100g",Dried Fruits & Nuts,/p/20048750_EA
Pitted Honey Dates,$5.99 ,$5.99 ,"907 g, $0.66/100g",Dried Fruits & Nuts,/p/20772841_EA
Dried Turkish Apricots,$4.99 ,$4.99 ,"200 g, $2.50/100g",Dried Fruits & Nuts,/p/20037690_EA
"Raw, Unsalted Pumpkin Seeds",$2.29 ,$2.29 ,"100 g, $2.29/100g",Dried Fruits & Nuts,/p/21093267_EA
Dried Turkish Figs,$3.79 ,$3.79 ,"200 g, $1.90/100g",Dried Fruits & Nuts,/p/20599942_EA
Pistachios No Shells Roasted Light Salt,$8.00 ,$8.00 ,"170 g, $4.71/100g",Dried Fruits & Nuts,/p/21220378_EA
"Wonderful Pistachios, Sweet Chili",$5.79 ,$5.79 ,"200 g, $2.90/100g",Dried Fruits & Nuts,/p/20629481_EA
"Wonderful Pistachios, Roasted & Salted",$5.79 ,$5.79 ,"225 g, $2.57/100g",Dried Fruits & Nuts,21085963001_EA
"Pistachios, Salt & Pepper",$5.79 ,$5.79 ,"200 g, $2.90/100g",Dried Fruits & Nuts,/p/20339219_EA
Unsalted California Pistachios ,$9.00 ,$9.00 ,"454 g, $1.98/100g",Dried Fruits & Nuts,/p/20126522_EA
"Raw, Unsalted Sunflower Seeds",$2.19 ,$2.19 ,"100 g, $2.19/100g",Dried Fruits & Nuts,/p/21093269_EA
Dates Cups,$3.79 ,$3.79 ,"283 g, $1.34/100g",Dried Fruits & Nuts,/p/20027160_EA
"Pistachios, Roasted Salted",$10.00 ,$10.00 ,"450 g, $2.22/100g",Dried Fruits & Nuts,21004489001_EA
Bard Valley Natural Delights Pitted Medjool Dates,$9.99 ,$9.99 ,"340 g, $2.94/100g",Dried Fruits & Nuts,21097786001_EA
Organic Medjool Dates,$10.49 ,$10.49 ,"454 g, $2.31/100g",Dried Fruits & Nuts,/p/20337067_EA
"No shell Pistachios, Sea Salt & Vinegar",$8.00 ,$8.00 ,"155 g, $5.16/100g",Dried Fruits & Nuts,/p/21368101_EA
Pistachios No Shells Chili Roasted,$8.00 ,$8.00 ,"155 g, $5.16/100g",Dried Fruits & Nuts,/p/21220373_EA
"Wonderful Pistachios, Shelled",$8.00 ,$8.00 ,"170 g, $4.71/100g",Dried Fruits & Nuts,21087137001_EA
Pistachios No Shells Honey Roasted,$8.00 ,$8.00 ,"155 g, $5.16/100g",Dried Fruits & Nuts,/p/21220375_EA
"Pistachios, Roasted & Unsalted",$5.79 ,$5.79 ,"225 g, $2.57/100g",Dried Fruits & Nuts,/p/21018439_EA
Golden Figs,$6.29 ,$6.29 ,"227 g, $2.77/100g",Dried Fruits & Nuts,/p/21291694_EA
Organic Dates,$8.49 ,$8.49 ,"340 g, $2.50/100g",Dried Fruits & Nuts,21217809001_EA
Pistachios Lightly Salted,$10.00 ,$10.00 ,"450 g, $2.22/100g",Dried Fruits & Nuts,/p/21368081_EA
"Salted, Dry Roasted California Pistachios",$25.00 ,$25.00 ,"1.13 kg, $2.21/100g",Dried Fruits & Nuts,20861845001_EA
Sea Salt Pistachios,$7.99 ,$7.99 ,"170 g, $4.70/100g",Dried Fruits & Nuts,/p/21469201_EA
No shell BBQ Pistachios,$8.00 ,$8.00 ,"155 g, $5.16/100g",Dried Fruits & Nuts,/p/21368090_EA
Coconut Rolled Medjool Dates,$7.99 ,$7.99 ,"340 g, $2.35/100g",Dried Fruits & Nuts,/p/20110087_EA
Honey Roasted Pistachios,$7.99 ,$7.99 ,"155 g, $5.15/100g",Dried Fruits & Nuts,/p/21469218_EA
Sea Salt & Pepper Pistachios No Shells,$8.00 ,$8.00 ,"155 g, $5.16/100g",Dried Fruits & Nuts,/p/21544715_EA
Walnuts,$0.27 ,$0.27 ,$0.55/100g,Dried Fruits & Nuts,20123893001_KG
Mini Medjools Sweet & Salty Almond,$7.99 ,$7.99 ,"340 g, $2.35/100g",Dried Fruits & Nuts,/p/21420549_EA
Walnuts,$5.00 ,$5.00 ,"0.454 kg, $1.10/100g",Dried Fruits & Nuts,21313449001_EA
Mixed Nuts in Shell,$10.00 ,$10.00 ,"0.907 kg, $1.10/100g",Dried Fruits & Nuts,21313438001_EA
Mixed Nuts,$14.00 ,$14.00 ,"700 g, $2.00/100g",Dried Fruits & Nuts,21058370001_EA
Greek String,$6.29 ,$6.29 ,"284 g, $2.21/100g",Dried Fruits & Nuts,/p/20024258_EA
Green Goodness,$8.99 ,$8.99 ,"1.54 l, $0.58/100ml",Fresh Juice & Smoothies,/p/20069494_EA
Green Goodness,$6.49 ,$6.49 ,"946 ml, $0.69/100ml",Fresh Juice & Smoothies,/p/20301788_EA
100% Carrot,$8.99 ,$8.99 ,"1.54 l, $0.58/100ml",Fresh Juice & Smoothies,/p/20036041_EA
Berry Boost,$6.49 ,$6.49 ,"946 ml, $0.69/100ml",Fresh Juice & Smoothies,/p/20325816_EA
100% Pomegranate Juice,$11.99 ,$11.99 ,"1.4 l, $0.86/100ml",Fresh Juice & Smoothies,/p/20123288_EA
C-Boost,$6.49 ,$6.49 ,"946 ml, $0.69/100ml",Fresh Juice & Smoothies,/p/20311201_EA
Strawberry Banana,$6.49 ,$6.49 ,"946 ml, $0.69/100ml",Fresh Juice & Smoothies,/p/20316397_EA
Kombucha Ginger Lemon,$4.99 ,$4.99 ,"700 ml, $0.71/100ml",Fresh Juice & Smoothies,/p/21290276_EA
Organic Mango Passionfruit Kombucha,$4.99 ,$4.99 ,"700 ml, $0.71/100ml",Fresh Juice & Smoothies,/p/21335195_EA
Blue Goodness,$6.49 ,$6.49 ,"946 ml, $0.69/100ml",Fresh Juice & Smoothies,/p/20319871_EA
Cold Pressed Juice Greens   ,$4.99 ,$4.99 ,"333 ml, $1.50/100ml",Fresh Juice & Smoothies,/p/21186518_EA
Org Kom Rasp Lemn 700Ml  ,$4.99 ,$4.99 ,"700 ml, $0.71/100ml",Fresh Juice & Smoothies,/p/21290379_EA
100% Pomegranate Juice,$5.99 ,$5.99 ,"473 ml, $1.27/100ml",Fresh Juice & Smoothies,/p/20310231_EA
"Juice, 100% Pomegranate",$10.99 ,$10.99 ,"1.54 l, $0.71/100ml",Fresh Juice & Smoothies,/p/20589752_EA
Strawberry Banana,$8.99 ,$8.99 ,"1.54 l, $0.58/100ml",Fresh Juice & Smoothies,/p/20288525_EA
Daily Greens,$6.49 ,$6.49 ,"946 ml, $0.69/100ml",Fresh Juice & Smoothies,/p/21290793_EA
Amazing Mango,$6.49 ,$6.49 ,"946 ml, $0.69/100ml",Fresh Juice & Smoothies,/p/20280429_EA
100% Carrot,$6.49 ,$6.49 ,"946 ml, $0.69/100ml",Fresh Juice & Smoothies,/p/20164122_EA
Vanilla Chai Tea,$6.49 ,$6.49 ,"946 ml, $0.69/100ml",Fresh Juice & Smoothies,/p/20322371_EA
Mocha Cappuccino,$6.49 ,$6.49 ,"946 ml, $0.69/100ml",Fresh Juice & Smoothies,/p/20312999_EA
Red Goodness,$6.49 ,$6.49 ,"946 ml, $0.69/100ml",Fresh Juice & Smoothies,/p/20732919_EA
Kombucha Wild Berry,$4.99 ,$4.99 ,"700 ml, $0.71/100ml",Fresh Juice & Smoothies,/p/21405675_EA
Amazing Mango,$8.99 ,$8.99 ,"1.54 l, $0.58/100ml",Fresh Juice & Smoothies,/p/20589751_EA
Cold Pressed Juice Be Well  ,$4.99 ,$4.99 ,"333 ml, $1.50/100ml",Fresh Juice & Smoothies,/p/21186483_EA
Cold Pressed Juice C Well  ,$4.99 ,$4.99 ,"333 ml, $1.50/100ml",Fresh Juice & Smoothies,/p/21186454_EA
Elixir Lemon+Ginger+Honey,$3.99 ,$3.99 ,"60 ml, $6.65/100ml",Fresh Juice & Smoothies,/p/21360339_EA
Ginger Carrot Turmeric,$8.99 ,$8.99 ,"1540 ml, $0.58/100ml",Fresh Juice & Smoothies,/p/21362472_EA
Pomegranate Juice,$8.99 ,$8.99 ,"710 ml, $1.27/100ml",Fresh Juice & Smoothies,/p/20609213_EA
Refreshed  Apple + Grapefruit + Lemon + Ginger + Cucumber,$4.99 ,$4.99 ,"333 ml, $1.50/100ml",Fresh Juice & Smoothies,/p/21515124_EA
Ink. Lemonade Charcoal    ,$4.99 ,$4.99 ,"333 ml, $1.50/100ml",Fresh Juice & Smoothies,/p/21186508_EA
100% Orange Juice,$6.49 ,$6.49 ,"946 ml, $0.69/100ml",Fresh Juice & Smoothies,/p/21543050_EA
Ink. Lemonade Spirulina    ,$4.99 ,$4.99 ,"333 ml, $1.50/100ml",Fresh Juice & Smoothies,/p/21186555_EA
Super Tea Pomegranate Peach Passion White Tea,$9.99 ,$9.99 ,"1.4 l, $0.71/100ml",Fresh Juice & Smoothies,/p/21484655_EA
Antiox,$3.99 ,$3.99 ,"60 ml, $6.65/100ml",Fresh Juice & Smoothies,/p/21362286_EA
Detox 60 ml,$3.99 ,$3.99 ,"60 ml, $6.65/100ml",Fresh Juice & Smoothies,/p/21362565_EA
"Milk, 2%",$5.89 ,$5.89 ,"4 l, $0.15/100ml",Milk & Cream,/p/20962518_EA
Homogenized Milk,$6.29 ,$6.29 ,"4 l, $0.16/100ml",Milk & Cream,/p/20962514_EA
Lactose Free 2% Dairy Product (2L),$5.99 ,$5.99 ,"2 l, $0.30/100ml",Milk & Cream,20077874001_EA
"Almond For Coffee, Vanilla Flavour, Plant Based Dairy Free Coffee Creamer",$5.49 ,$5.49 ,"890 ml, $0.62/100ml",Milk & Cream,/p/21245360_EA
Coffee Cream 10% MF,$3.69 ,$3.69 ,"946 ml, $0.39/100ml",Milk & Cream,/p/21443531_EA
Lactose Free 2% Partly Skimmed Ultrafiltered Milk,$6.29 ,$6.29 ,"1.5 l, $0.42/100ml",Milk & Cream,/p/21128369_EA
"French Vanilla Flavoured Coffee Creamer, 63 Servings",$5.99 ,$5.99 ,"946 ml, $0.63/100ml",Milk & Cream,20895480002_EA
1% Milk,$5.89 ,$5.89 ,"4 l, $0.15/100ml",Milk & Cream,/p/20962885_EA
"Oat For Coffee, Vanilla, Plant Based, Dairy Free Coffee Creamer",$5.49 ,$5.49 ,"890 ml, $0.62/100ml",Milk & Cream,/p/21245361_EA
Lactose Free 1% Dairy Product (2L),$5.99 ,$5.99 ,"2 l, $0.30/100ml",Milk & Cream,20077874003_EA
Chocolate Lactose Free 2% Partly Skimmed Ultrafiltered Milk,$6.29 ,$6.29 ,"1.5 l, $0.42/100ml",Milk & Cream,/p/21128371_EA
"For Coffee, Hazelnut Flavour, Dairy Free Coffee Creamer",$3.29 ,$3.29 ,"473 ml, $0.70/100ml",Milk & Cream,/p/20973399_EA
"Pumpkin Spice Flavoured Almond Coffee Creamer, Limited Edition",$3.29 ,$3.29 ,"450 ml, $0.73/100ml",Milk & Cream,/p/21400040_EA
Pumpkin Spice Latte Liquid Coffee Enhancer,$7.99 ,$7.99 ,"828 ml, $0.96/100ml",Milk & Cream,/p/21404953_EA
"Real Whipped Cream, Regular",$4.69 ,$4.69 ,"225 g, $2.08/100g",Milk & Cream,20048223001_EA
Lactose Free 2% Milk,$5.99 ,$5.99 ,"2 l, $0.30/100ml",Milk & Cream,20301822001_EA
"Hazelnut Flavoured Coffee Creamer, 63 Servings",$5.99 ,$5.99 ,"946 ml, $0.63/100ml",Milk & Cream,20895480003_EA
"Milk, 2%",$4.69 ,$4.69 ,"2 l, $0.23/100ml",Milk & Cream,/p/20963512_EA
Caramel Macchiato Liquid Coffee Enhancer,$7.99 ,$7.99 ,"828 ml, $0.96/100ml",Milk & Cream,/p/21358473_EA
Lactose Free Skim Ultrafiltered Milk,$6.29 ,$6.29 ,"1.5 l, $0.42/100ml",Milk & Cream,/p/21128364_EA
"Half / Half, 10%",$3.09 ,$3.09 ,"473 ml, $0.65/100ml",Milk & Cream,/p/20962953_EA
"Organic Cream, 10% M.F.",$3.79 ,$3.79 ,"473 ml, $0.80/100ml",Milk & Cream,/p/20945194_EA
"French Vanilla Flavoured Fat Free Coffee Creamer, 63 Servings",$5.99 ,$5.99 ,"946 ml, $0.63/100ml",Milk & Cream,20895480001_EA
Maple Pecan Coffee,$12.49 ,$12.49 ,"311 g, $4.02/100g",Milk & Cream,/p/21307746_EA
Coffee Cream 18% M.F.,$3.19 ,$3.19 ,"473 ml, $0.67/100ml",Milk & Cream,/p/21109135_EA
Flavoured Milk,$2.39 ,$2.39 ,"473 ml, $0.51/100ml",Milk & Cream,/p/21242363_EA
Whole Milk,$7.99 ,$7.99 ,"2 l, $0.40/100ml",Milk & Cream,/p/20073435_EA
Rich & Creamy Egg Nog Original,$3.79 ,$3.79 ,"1 l, $0.38/100ml",Milk & Cream,/p/21546828_EA
Strawberry Milkshake,$1.99 ,$1.99 ,"310 ml, $0.64/100ml",Milk & Cream,/p/21040935_EA
Trutaste Milk 2% M.F. Lactose Free,$10.99 ,$10.99 ,"4 l, $0.27/100ml",Milk & Cream,/p/21027551_EA
2% Milk,$2.79 ,$2.79 ,"1 l, $0.28/100ml",Milk & Cream,/p/20963514_EA
"Chocolate Milk, 1%",$2.39 ,$2.39 ,"473 ml, $0.51/100ml",Milk & Cream,/p/20963127_EA
Organic Skim Milk,$9.69 ,$9.69 ,"4 l, $0.24/100ml",Milk & Cream,/p/20435755_EA
Whipped Topping,$6.49 ,$6.49 ,"400 g, $1.62/100g",Milk & Cream,/p/20183351_EA
0% M.F. Fat-Free Creamer,$4.49 ,$4.49 ,"946 ml, $0.47/100ml",Milk & Cream,/p/21440151_EA
"Dairy-Free Whipping Cream Alternative, Coconut based",$5.49 ,$5.49 ,"473 ml, $1.16/100ml",Milk & Cream,/p/21337504_EA
"Oat Coffee Creamer, Salted Caramel",$3.99 ,$3.99 ,"473 ml, $0.84/100ml",Milk & Cream,/p/21513684_EA
2% Organic Milk,$4.09 ,$4.09 ,"1 l, $0.41/100ml",Milk & Cream,/p/20005050_EA
COFFEE-MATE Light Powder,$6.49 ,$6.49 ,"450 g, $1.44/100g",Milk & Cream,20309221001_EA
"Real Whipped Cream, Light",$4.69 ,$4.69 ,"225 g, $2.08/100g",Milk & Cream,20048223002_EA
"Almond For Coffee, Vanilla, Plant Based, Dairy Free Coffee Creamer",$3.29 ,$3.29 ,"473 ml, $0.70/100ml",Milk & Cream,/p/20861935_EA
Coffee Mate Liquid Creamer Caramel Macchiato,$6.49 ,$6.49 ,"946 ml, $0.69/100ml",Milk & Cream,/p/21091176_EA
18% M.F. Coffee Cream,$5.39 ,$5.39 ,"946 ml, $0.57/100ml",Milk & Cream,/p/21443547_EA
"Milk, Coffee Partly Skimmed Iced Coffee, 1% M.F.",$2.39 ,$2.39 ,"473 ml, $0.51/100ml",Milk & Cream,/p/21241549_EA
Almond And Oat Non Dairy Pumpkin Spice Latte Coffee Enhancer,$7.99 ,$7.99 ,"828 ml, $0.96/100ml",Milk & Cream,/p/21460123_EA
Coffee Mate Liquid French Vanilla,$6.49 ,$6.49 ,"946 ml, $0.69/100ml",Milk & Cream,/p/21091209_EA
"Milk, Partly Skimmed  Organic 2% M.F.",$6.49 ,$6.49 ,"1.89 l, $0.34/100ml",Milk & Cream,/p/21517740_EA
Skim Milk,$5.89 ,$5.89 ,"4 l, $0.15/100ml",Milk & Cream,/p/20962884_EA
Microfiltered Milk 2% MF,$6.29 ,$6.29 ,"1.89 l, $0.33/100ml",Milk & Cream,/p/21517815_EA
Lactose Free 10% Cream,$4.69 ,$4.69 ,"1 l, $0.47/100ml",Milk & Cream,/p/20658002_EA
"Coffee Creamer, Double Double",$7.49 ,$7.49 ,"750 ml, $1.00/100ml",Milk & Cream,/p/21541919_EA
1% M.F. Partly Skimmed Milk,$5.99 ,$5.99 ,"2 l, $0.30/100ml",Milk & Cream,/p/21425018_EA
"Zero Sugar Pumpkin Spice Coffee Enhancer, Limited Edition",$5.99 ,$5.99 ,"946 ml, $0.63/100ml",Milk & Cream,/p/21486331_EA
Chocolate Partly Skimmed Milk 1% M.F. 6 x,$6.29 ,$6.29 ,"6x200.0 ml, $524.17/100ml",Milk & Cream,/p/21065263_EA
Ultrapūr Dairy Product 3.25% M.F.,$6.09 ,$6.09 ,"1.5 l, $0.41/100ml",Milk & Cream,/p/21496739_EA
Partly Skimmed Milk 2% M.F.,$6.29 ,$6.29 ,"6x200.0 ml, $0.52/100ml",Milk & Cream,/p/21537885_EA
"Coffee, Ground  100% Colombian Light Roast ",$10.99 ,$10.99 ,"340 g, $3.23/100g",Milk & Cream,/p/21392918_EA
"Sport, Vanilla",$2.39 ,$2.39 ,"325 ml, $0.74/100ml",Milk & Cream,20723286002_EA
Homogenized Milk Microfiltered,$6.29 ,$6.29 ,"1.89 l, $0.33/100ml",Milk & Cream,/p/21517733_EA
Rich & Creamy Candy Cane Egg Nog,$3.79 ,$3.79 ,"1 l, $0.38/100ml",Milk & Cream,20287708005_EA
Yogourt Organic Whole Milk Blueberry 3.25% M.F.,$3.79 ,$3.79 ,"4x100.0 g, $0.95/100g",Milk & Cream,/p/21431574_EA
Microfiltered Milk 1% MF,$6.29 ,$6.29 ,"1.89 l, $0.33/100ml",Milk & Cream,/p/21517821_EA
"Vanilla Toffee Caramel Coffee Creamer, 63 Servings",$5.99 ,$5.99 ,"946 ml, $0.63/100ml",Milk & Cream,20895480007_EA
French Vanilla Milkshake,$1.99 ,$1.99 ,"310 ml, $0.64/100ml",Milk & Cream,/p/21040932_EA
Lactose Free Fat Free Skim 0% Dairy Product (2L),$5.99 ,$5.99 ,"2 l, $0.30/100ml",Milk & Cream,20077874004_EA
Lactose Free Lactaid Skim Milk,$5.99 ,$5.99 ,"2 l, $0.30/100ml",Milk & Cream,/p/20057494_EA
Rich & Creamy Egg Nog,$3.79 ,$3.79 ,"1 l, $0.38/100ml",Milk & Cream,20287708001_EA
2% M.F. Partly Skimmed Milk,$5.99 ,$5.99 ,"2 l, $0.30/100ml",Milk & Cream,/p/21424991_EA
Chocolate Milk,$3.49 ,$3.49 ,"946 ml, $0.37/100ml",Milk & Cream,/p/20963108_EA
"Buttermilk, 3.25%",$4.79 ,$4.79 ,"1.89 l, $0.25/100ml",Milk & Cream,/p/21517549_EA
"Chocolate Milk, 1% MF",$7.29 ,$7.29 ,"4 l, $0.18/100ml",Milk & Cream,/p/20986583_EA
Skim Milk,$2.79 ,$2.79 ,"1 l, $0.28/100ml",Milk & Cream,/p/20963446_EA
Whipping Cream 33% MF,$6.19 ,$6.19 ,"946 ml, $0.65/100ml",Milk & Cream,/p/21443541_EA
Almond And Oat Dairy Free Hazelnut Latte Coffee Enhancer,$7.99 ,$7.99 ,"828 ml, $0.96/100ml",Milk & Cream,/p/21436915_EA
Barista Blend,$6.49 ,$6.49 ,"946 ml, $0.69/100ml",Milk & Cream,/p/21161998_EA
Chocolate Milk Lactose Free,$6.99 ,$6.99 ,"1.89 l, $0.37/100ml",Milk & Cream,/p/21517810_EA
Partly Skimmed Milk 2% M.F.,$6.19 ,$6.19 ,"160x9.0 ml, $0.43/100ml",Milk & Cream,/p/20961344_EA
Light Coffee Whitener,$3.99 ,$3.99 ,"450 g, $0.89/100g",Milk & Cream,/p/20162484_EA
1% Milk,$4.69 ,$4.69 ,"2 l, $0.23/100ml",Milk & Cream,/p/20963633_EA
"Organic Yogurt, Strawberry",$4.79 ,$4.99 ,"4x100.0 g, $1.20/100g",Milk & Cream,/p/21431507_EA
Dairy Product Lactose Free 2% M.F.,$6.29 ,$6.29 ,"1.5 l, $0.42/100ml",Milk & Cream,/p/21107151_EA
3.25% M.F. Homogenized Milk,$5.99 ,$5.99 ,"2 l, $0.30/100ml",Milk & Cream,/p/21424994_EA
Lactose Free 1% Partly Skimmed Ultrafiltered Milk,$6.29 ,$6.29 ,"1.5 l, $0.42/100ml",Milk & Cream,/p/21358817_EA
"Coffee, Roast: Medium Premium Instant ",$16.99 ,$16.99 ,"300 g, $5.66/100g",Milk & Cream,/p/21431717_EA
Coffee Mate Liquid Hazelnut,$6.49 ,$6.49 ,"946 ml, $0.69/100ml",Milk & Cream,/p/21091262_EA
Coffee Mate Double Double-Mate Liquid Coffee Enhancer Value Size,$9.29 ,$9.29 ,"1.89 l, $0.49/100ml",Milk & Cream,/p/21183053_EA
Rolo Milkshake,$2.59 ,$2.59 ,"473 ml, $0.55/100ml",Milk & Cream,20323668001_EA
Nesquik Milkshake,$2.59 ,$2.59 ,"473 ml, $0.55/100ml",Milk & Cream,20323668002_EA
Lactose Free Homogenized Milk,$5.99 ,$5.99 ,"2 l, $0.30/100ml",Milk & Cream,/p/20595216_EA
Coffee Crisp Milkshake,$2.59 ,$2.59 ,"473 ml, $0.55/100ml",Milk & Cream,20323668004_EA
"Half & Half Dairy-Free Coffee Creamer, Oat & Coconut,",$5.49 ,$5.49 ,"890 ml, $0.62/100ml",Milk & Cream,/p/21338550_EA
COFFEE-MATE Original Powder,$6.49 ,$6.49 ,"450 g, $1.44/100g",Milk & Cream,20309221002_EA
Rich & Creamy Chocolate Egg Nog,$3.79 ,$3.79 ,"1 l, $0.38/100ml",Milk & Cream,20287708003_EA
"Maple Latte Flavoured Coffee Creamer, 63 Servings",$5.99 ,$5.99 ,"946 ml, $0.63/100ml",Milk & Cream,/p/21358115_EA
Lactose Free Fat Free Creamer,$4.29 ,$4.29 ,"1 l, $0.43/100ml",Milk & Cream,/p/20647913_EA
"Pumpkin Spice Coffee Enhancer, Limited Edition",$5.99 ,$5.99 ,"946 ml, $0.63/100ml",Milk & Cream,/p/21242388_EA
2% Milk,$1.49 ,$1.49 ,"237 ml, $0.63/100ml",Milk & Cream,/p/20963126_EA
Coffee Whitener,$7.99 ,$7.99 ,"1 kg, $0.80/100g",Milk & Cream,/p/21163526_EA
Microfiltered Milk Skim MF,$6.29 ,$6.29 ,"1.89 l, $0.33/100ml",Milk & Cream,/p/21518502_EA
"Coffee-Mate, Original",$12.99 ,$12.99 ,"1.4 kg, $0.93/100g",Milk & Cream,/p/20319868_EA
"Sport, Chocolate",$2.39 ,$2.39 ,"325 ml, $0.74/100ml",Milk & Cream,20723286001_EA
Organic 2% Milk,$6.79 ,$6.79 ,"2 l, $0.34/100ml",Milk & Cream,/p/20030427_EA
Organic Skim Milk,$6.79 ,$6.79 ,"2 l, $0.34/100ml",Milk & Cream,/p/20535312_EA
Lactose Free Fat Free Creamer,$4.29 ,$4.29 ,"1 l, $0.43/100ml",Milk & Cream,/p/20647913_EA
"Pumpkin Spice Coffee Enhancer, Limited Edition",$5.99 ,$5.99 ,"946 ml, $0.63/100ml",Milk & Cream,/p/21242388_EA
Rich & Creamy Chocolate Egg Nog,$3.79 ,$3.79 ,"1 l, $0.38/100ml",Milk & Cream,20287708003_EA
Real Coconut Whipped Cream,$4.69 ,$4.69 ,"225 g, $2.08/100g",Milk & Cream,20048223003_EA
Chocolate Milk 1% ,$4.29 ,$4.29 ,"1.89 l, $0.23/100ml",Milk & Cream,/p/21517547_EA
Organic 1% Milk,$4.39 ,$4.39 ,"1 l, $0.44/100ml",Milk & Cream,20152006002_EA
Coffee Mate Coffee Enhancer Hazelnut Value Size,$9.29 ,$9.29 ,"1.89 l, $0.49/100ml",Milk & Cream,/p/21303033_EA
Chocolate,$2.39 ,$2.39 ,"473 ml, $0.51/100ml",Milk & Cream,20895935002_EA
2% Milk,$2.19 ,$2.19 ,"473 ml, $0.46/100ml",Milk & Cream,/p/20963220_EA
"Maple Latte Flavoured Coffee Creamer, 63 Servings",$5.99 ,$5.99 ,"946 ml, $0.63/100ml",Milk & Cream,/p/21358115_EA
Strawberry,$2.39 ,$2.39 ,"473 ml, $0.51/100ml",Milk & Cream,20895935004_EA
3.25% Lactose Free Enriched Milk,$6.99 ,$6.99 ,"2 l, $0.35/100ml",Milk & Cream,/p/21443660_EA
"Organic Milk 3, 25%Mf",$9.69 ,$9.69 ,"4 l, $0.24/100ml",Milk & Cream,/p/20435701_EA
"Milk, Homogenized  Organic 3.25% M.F.",$6.79 ,$6.79 ,"1.89 l, $0.36/100ml",Milk & Cream,/p/21518068_EA
Coffee Mate Liquid French Vanilla Value Size,$9.29 ,$9.29 ,"1.89 l, $0.49/100ml",Milk & Cream,/p/21034225_EA
Dairy Product 2% M.F.,$6.09 ,$6.09 ,"1.5 l, $0.41/100ml",Milk & Cream,/p/21239137_EA
Hazelnut Mocha Macchiato Coffee Enhancer,$7.99 ,$7.99 ,"828 ml, $0.96/100ml",Milk & Cream,/p/21508916_EA
Natrel Plus 2% Lactose Free Vanilla Enriched Milk ,$6.99 ,$6.99 ,"2 l, $0.35/100ml",Milk & Cream,/p/21525343_EA
Milk Beverage Chocolate 1% M.F.,$4.99 ,$4.99 ,"1.89 l, $0.26/100ml",Milk & Cream,/p/21517545_EA
Chocolate Milk,$6.09 ,$6.09 ,"1.5 l, $0.41/100ml",Milk & Cream,/p/21239130_EA
Lactose Free Milk,$10.99 ,$10.99 ,"4 l, $0.27/100ml",Milk & Cream,/p/21241503_EA
"Whipping Cream, 33%",$4.69 ,$4.69 ,"473 ml, $0.99/100ml",Milk & Cream,/p/20962887_EA
Coffee Mate After Eight Liquid Coffee Enhancer,$6.49 ,$6.49 ,"946 ml, $0.69/100ml",Milk & Cream,/p/21405126_EA
"Caramel Macchiato Coffee Creamer,",$5.99 ,$5.99 ,"946 ml, $0.63/100ml",Milk & Cream,/p/21439782_EA
Classic Hazelnut Coffee Creamer,$7.99 ,$7.99 ,"1.42 l, $0.56/100ml",Milk & Cream,/p/21345072_EA
Cinnamon Dolce Latte,$7.99 ,$7.99 ,"828 ml, $0.96/100ml",Milk & Cream,/p/21358458_EA
"Creamer, 10%",$6.69 ,$6.69 ,"9 ml, $74.33/100ml",Milk & Cream,/p/20964794_EA
Coffee Mate Double Double-Mate Liquid Coffee Enhancer,$6.49 ,$6.49 ,"946 ml, $0.69/100ml",Milk & Cream,/p/21091311_EA
Homogenized Milk,$4.79 ,$4.79 ,"2 l, $0.24/100ml",Milk & Cream,/p/20963608_EA
"Organic Milk, 2% Mf",$9.69 ,$9.69 ,"4 l, $0.24/100ml",Milk & Cream,/p/20435710_EA
6 % M.F. Light Cream,$3.69 ,$3.69 ,"946 ml, $0.39/100ml",Milk & Cream,/p/21440185_EA
Goat's Milk,$7.79 ,$7.79 ,"2 l, $0.39/100ml",Milk & Cream,/p/20032334_EA
Skim Milk,$4.69 ,$4.69 ,"2 l, $0.23/100ml",Milk & Cream,/p/20963447_EA
Coffee Mate Coffee Crisp Liquid Coffee Enhancer,$6.49 ,$6.49 ,"946 ml, $0.69/100ml",Milk & Cream,/p/21358520_EA
"Soy For Coffee, Original Coffee Creamer",$5.49 ,$5.49 ,"890 ml, $0.62/100ml",Milk & Cream,/p/21423292_EA
"Oat Coffee Creamer, French Vanilla",$3.99 ,$3.99 ,"473 ml, $0.84/100ml",Milk & Cream,/p/21513660_EA
"Dairy Free Almond Coffee Creamer, Unsweetened Vanilla Coffee Whitener",$3.29 ,$3.29 ,"473 ml, $0.70/100ml",Milk & Cream,/p/21400038_EA
Chocolate Milkshake,$1.99 ,$1.99 ,"310 ml, $0.64/100ml",Milk & Cream,/p/21040956_EA
Whipped Topping ,$3.69 ,$3.69 ,"225 g, $1.64/100g",Milk & Cream,/p/20017493_EA
Vanila Milkshake Bottle,$3.19 ,$3.19 ,"460 ml, $0.69/100ml",Milk & Cream,/p/21345500_EA
Reduced Sugar French Vanilla Coffee Creamer,$5.99 ,$5.99 ,"946 ml, $0.63/100ml",Milk & Cream,/p/21071278_EA
"Zero Sugar Hazelnut Coffee Creamer,",$5.99 ,$5.99 ,"946 ml, $0.63/100ml",Milk & Cream,/p/21405106_EA
Southern Butter Pecan Coffee Creamer,$5.99 ,$5.99 ,"946 ml, $0.63/100ml",Milk & Cream,20895480004_EA
Lactose Free Whole Ultrafiltered Milk,$6.29 ,$6.29 ,"1.5 l, $0.42/100ml",Milk & Cream,/p/21128348_EA
"Chocolate Milk, Reduced Sugar",$2.39 ,$2.39 ,"473 ml, $0.51/100ml",Milk & Cream,20895935003_EA
Irish Creme Coffee Creamer,$5.99 ,$5.99 ,"946 ml, $0.63/100ml",Milk & Cream,20895480006_EA
Lactose Free 1% Milk,$5.99 ,$5.99 ,"2 l, $0.30/100ml",Milk & Cream,20301822002_EA
Strawberry Milk Beverage 1 % M.F.,$3.99 ,$3.99 ,"1 l, $0.40/100ml",Milk & Cream,/p/21108985_EA
Lactose Free Homogenized Milk,$6.29 ,$6.29 ,"2 l, $0.31/100ml",Milk & Cream,/p/20838388_EA
Caramel Chocolate Milkshake,$1.99 ,$1.99 ,"310 ml, $0.64/100ml",Milk & Cream,/p/21040942_EA
"Whipping Cream, 33%",$3.19 ,$3.19 ,"237 ml, $1.35/100ml",Milk & Cream,/p/20963404_EA
Dairy Product Lactose Free 3.25% M.F.,$6.29 ,$6.29 ,"1.5 l, $0.42/100ml",Milk & Cream,/p/21107156_EA
Ultrapūr Dairy Product 0% M.F.,$6.09 ,$6.09 ,"1.5 l, $0.41/100ml",Milk & Cream,/p/21496759_EA
Protein Milk Chocolate,$3.19 ,$3.19 ,"460 ml, $0.69/100ml",Milk & Cream,/p/21345511_EA
Banana,$2.39 ,$2.39 ,"473 ml, $0.51/100ml",Milk & Cream,20895935001_EA
"Coffee Creamer, Vanilla Dip Donut",$7.49 ,$7.49 ,"750 ml, $1.00/100ml",Milk & Cream,/p/21541914_EA
Organic 1% Milk,$6.79 ,$6.79 ,"2 l, $0.34/100ml",Milk & Cream,/p/20298073_EA
White Chocolate Mocha Liquid Coffee Enhancer,$7.99 ,$7.99 ,"828 ml, $0.96/100ml",Milk & Cream,/p/21358486_EA
Whipping Cream,$3.29 ,$3.29 ,"250 ml, $1.32/100ml",Milk & Cream,/p/20975316_EA
"Organic Homogenized Milk, 3.25%",$6.99 ,$6.99 ,"2 l, $0.35/100ml",Milk & Cream,/p/20535315_EA
Homogenized Milk,$2.89 ,$2.89 ,"1 l, $0.29/100ml",Milk & Cream,/p/20963218_EA
"Coffee Creamer, Chocolate Dip Donut",$7.49 ,$7.49 ,"750 ml, $1.00/100ml",Milk & Cream,/p/21541922_EA
"Coffee-mate, Light",$12.99 ,$12.99 ,"1.4 kg, $0.93/100g",Milk & Cream,/p/20075650_EA
"Buttermilk, 1%",$3.49 ,$3.49 ,"946 ml, $0.37/100ml",Milk & Cream,/p/20963449_EA
Coffee Whitener With Almond Beverage Pumpkin Spice With Other Natural Flavour Limited Edition,$6.99 ,$6.99 ,"750 ml, $0.93/100ml",Milk & Cream,/p/21473094_EA
1% Milk,$2.79 ,$2.79 ,"1 l, $0.28/100ml",Milk & Cream,/p/20963587_EA
Classic French Vanilla Coffee Creamer,$7.99 ,$7.99 ,"1.42 l, $0.56/100ml",Milk & Cream,/p/21337027_EA
Coffee Whitener,$3.99 ,$3.99 ,"450 g, $0.89/100g",Milk & Cream,/p/20310718_EA
Grass Fed 10% Cream,$3.79 ,$4.29 ,"473 ml, $0.80/100ml",Milk & Cream,/p/21303306_EA
Organic 1% Milk,$9.69 ,$9.69 ,"4 l, $0.24/100ml",Milk & Cream,/p/20435829_EA
"Oat Coffee Creamer, Original, Plant-Based, Dairy-Free",$3.99 ,$3.99 ,"473 ml, $0.84/100ml",Milk & Cream,/p/21305808_EA
Large Grade A Eggs,$3.99 ,$3.99 ,"12 ea, $0.33/1ea",Egg & Egg Substitutes,20812144001_EA
Large Size Eggs,$9.79 ,$9.79 ,"30 ea, $0.33/1ea",Egg & Egg Substitutes,21435777001_EA
Grade A Extra Large Eggs,$4.49 ,$4.49 ,"12 eggs, $0.37/1ea",Egg & Egg Substitutes,20812726001_EA
Free Run Brown Eggs Large,$6.99 ,$6.99 ,"12 eggs, $0.58/1ea",Egg & Egg Substitutes,20813628001_EA
Medium Grade A White Eggs,$3.89 ,$3.89 ,"12 eggs, $0.32/1ea",Egg & Egg Substitutes,20813386001_EA
Organics Free Range Large Brown Eggs,$7.79 ,$7.79 ,"12 eggs, $0.65/1ea",Egg & Egg Substitutes,20813711001_EA
Egg Whites,$7.99 ,$7.99 ,"1 kg, $0.80/100g",Egg & Egg Substitutes,20821364001_EA
Grade A Large Brown Eggs,$5.19 ,$5.19 ,"12 eggs, $0.43/1ea",Egg & Egg Substitutes,20813936001_EA
Premium Large White Eggs,$6.99 ,$6.99 ,"18 ea, $0.39/1ea",Egg & Egg Substitutes,20976887001_EA
"Organic Free-Range Large Brown Eggs, Club Pack (30 Count)",$16.49 ,$16.49 ,"30 ea, $16.49/1ea",Egg & Egg Substitutes,21205224001_EA
"Naturegg Omega 3 White Eggs, Large",$6.29 ,$6.29 ,"12 eggs, $0.52/1ea",Egg & Egg Substitutes,20815563001_EA
"Naturegg Nest Laid White Eggs, Large",$5.49 ,$5.49 ,"12 eggs, $0.46/1ea",Egg & Egg Substitutes,20816075001_EA
Country Golden Yolk Large Free Range Eggs,$7.29 ,$7.29 ,"12 ea, $0.61/1ea",Egg & Egg Substitutes,20905536001_EA
Blue Menu Free Run Large White Eggs 12 Pack,$7.49 ,$7.49 ,"12 ea, $0.62/1ea",Egg & Egg Substitutes,20992723001_EA
"White Eggs, Extra Large",$6.79 ,$6.79 ,"18 eggs, $0.38/1ea",Egg & Egg Substitutes,20819851001_EA
Organics Extra Large Size Free-Range Brown Eggs,$7.99 ,$7.99 ,"12 eggs, $0.67/1ea",Egg & Egg Substitutes,20813389001_EA
Free Run Egg Whites,$5.29 ,$5.29 ,"1 g, $1.06/100g",Egg & Egg Substitutes,20821366001_EA
Blue Menu Free Run Large Brown Eggs 12 Pack,$7.49 ,$7.49 ,"12 eggs, $0.62/1ea",Egg & Egg Substitutes,20812736001_EA
"Nature's Best White Eggs, Large",$6.29 ,$6.29 ,"12 eggs, $0.52/1ea",Egg & Egg Substitutes,20814983001_EA
Naturegg Simply Egg Whites,$5.29 ,$5.29 ,"1 ea, $1.06/100ml",Egg & Egg Substitutes,20820355001_EA
"Born 3 White Eggs, Large",$5.79 ,$5.79 ,"12 eggs, $0.48/1ea",Egg & Egg Substitutes,20819626001_EA
Plant Based Egg,$7.49 ,$7.49 ,"355 ml, $2.20/100ml",Egg & Egg Substitutes,/p/21419781_EA
"Free Run Omega-3 Hard-Boiled Peeled Eggs, Pack of 3",$3.39 ,$3.39 ,"3x88.0 g, $3.85/100g",Egg & Egg Substitutes,21048196001_EA
Organics Medium Size Free-Range Brown Eggs ,$7.59 ,$7.59 ,"12 eggs, $0.63/1ea",Egg & Egg Substitutes,20818960001_EA
Naturegg Free Run Egg Whites,$5.49 ,$5.49 ,"1 eggs, $1.10/100g",Egg & Egg Substitutes,20820130001_EA
Quail Eggs,$4.99 ,$4.99 ,"24 eggs, $0.21/1ea",Egg & Egg Substitutes,20819628001_EA
"Eggs, Medium",$3.89 ,$3.89 ,"12 eggs, $0.32/1ea",Egg & Egg Substitutes,/p/20007168_EA
"Egg Creations! Whole Eggs, Original",$5.79 ,$5.79 ,"500 g, $1.16/100g",Egg & Egg Substitutes,20984144001_EA
"Eggs, Large Brown",$5.19 ,$5.19 ,"12 eggs, $0.43/1ea",Egg & Egg Substitutes,/p/20067335_EA
"Organic Eggs, Medium",$7.99 ,$7.99 ,"12 ea, $0.67/1ea",Egg & Egg Substitutes,20995948001_EA
"Eggs, Extra Large",$4.49 ,$4.49 ,"12 eggs, $0.37/1ea",Egg & Egg Substitutes,/p/20095570_EA
"Eggs, Large",$3.99 ,$3.99 ,"12 eggs, $0.33/1ea",Egg & Egg Substitutes,/p/20044005_EA
Eggs2go! 6 Hard Boiled Peeled Eggs,$5.29 ,$5.29 ,"6 ea, $0.88/1ea",Egg & Egg Substitutes,21180376001_EA
"Egg Creations, Original",$5.79 ,$5.79 ,"500 g, $1.16/100g",Egg & Egg Substitutes,20820690001_EA
Organic Free-Range Egg Whites,$5.99 ,$5.99 ,"500 g, $1.20/100g",Egg & Egg Substitutes,/p/21334400_EA
Large Organic Eggs,$8.29 ,$8.29 ,"12 eggs, $0.69/1ea",Egg & Egg Substitutes,20821561001_EA
Free Run Omega 3 Brown Eggs,$7.29 ,$7.29 ,"12 eggs, $0.61/1ea",Egg & Egg Substitutes,20821369001_EA
"Fresh Churned Butter, Salted",$8.29 ,$8.29 ,"454 g, $1.83/100g",Butter & Spreads,/p/20639926_EA
Salted Butter,$6.49 ,$6.49 ,"454 g, $1.43/100g",Butter & Spreads,/p/20325029_EA
Unsalted Butter,$8.29 ,$8.29 ,"454 g, $1.83/100g",Butter & Spreads,20296112005_EA
Unsalted Butter,$6.49 ,$6.49 ,"454 g, $1.43/100g",Butter & Spreads,20316543002_EA
Margarine Original,$9.49 ,$9.49 ,"850 g, $1.12/100g",Butter & Spreads,20297818002_EA
Margarine with Olive Oil,$9.49 ,$9.49 ,"850 g, $1.12/100g",Butter & Spreads,/p/21279389_EA
Margarine Spread,$2.99 ,$2.99 ,"454 g, $0.70/100g",Butter & Spreads,20061949001_EA
Country Churned Unsalted Butter ,$7.99 ,$7.99 ,"454 g, $1.76/100g",Butter & Spreads,20313456001_EA
"Butter Sticks, Salted",$8.49 ,$8.49 ,"4x113.0 g, $1.88/100g",Butter & Spreads,/p/20315960_EA
Margarine Original,$5.49 ,$5.49 ,"427 g, $1.29/100g",Butter & Spreads,20322707001_EA
Country Churned Salted Butter,$7.99 ,$7.99 ,"454 g, $1.76/100g",Butter & Spreads,20313456002_EA
"My Country Butter Sticks, Unsalted",$8.49 ,$8.49 ,"4x113.5 g, $1.87/100g",Butter & Spreads,/p/20056675_EA
Margarine Club Pack,$8.49 ,$8.49 ,"1.275 kg, $0.67/100g",Butter & Spreads,/p/20084892_EA
Margarine Vegan,$9.49 ,$9.49 ,"850 g, $1.12/100g",Butter & Spreads,/p/21279333_EA
Blue Menu Margarine with Olive Oil,$5.49 ,$5.49 ,"907 g, $0.61/100g",Butter & Spreads,/p/20604430_EA
Margarine with Olive Oil,$5.49 ,$5.49 ,"454 g, $1.29/100g",Butter & Spreads,/p/21279391_EA
Creamery Butter,$6.89 ,$6.89 ,"454 g, $1.52/100g",Butter & Spreads,/p/21125357_EA
Spreadables Butter With Canola Oil,$5.79 ,$5.79 ,"227 g, $2.55/100g",Butter & Spreads,20119926002_EA
Provencal Garlic Butter,$3.99 ,$3.99 ,"125 g, $3.19/100g",Butter & Spreads,/p/20106744_EA
Margarine with Avocado Oil,$9.49 ,$9.49 ,"850 g, $1.12/100g",Butter & Spreads,/p/21044725_EA
Butter Sticks Salted with Sea Salt,$8.49 ,$8.49 ,"454 g, $1.87/100g",Butter & Spreads,/p/21048044_EA
"Margarine, Quarters",$8.99 ,$8.99 ,"1.36 kg, $0.66/100g",Butter & Spreads,/p/20056004_EA
Blue Menu Original Margarine,$5.49 ,$5.49 ,"907 g, $0.61/100g",Butter & Spreads,/p/20604565_EA
Calorie-Reduced Margarine Light,$9.49 ,$9.49 ,"907 g, $1.12/100g",Butter & Spreads,20297818003_EA
Creamery Butter Unsalted,$6.89 ,$6.89 ,"454 g, $1.52/100g",Butter & Spreads,/p/21125358_EA
Margarine Vegan,$5.49 ,$5.49 ,"427 g, $1.29/100g",Butter & Spreads,/p/21279330_EA
Margarine Quarters,$10.79 ,$10.79 ,"1.36 kg, $0.79/100g",Butter & Spreads,/p/20164195_EA
Buttery Taste Margarine,$9.49 ,$9.49 ,"637 g, $1.49/100g",Butter & Spreads,/p/21279362_EA
"Margarine, Vegetable Oil",$8.99 ,$8.99 ,"1.28 kg, $0.70/100g",Butter & Spreads,/p/20279976_EA
55% Vegetable Oil Margarine Non Hydrogenated,$6.99 ,$6.99 ,"637 g, $1.10/100g",Butter & Spreads,/p/21535351_EA
Original Spread,$3.99 ,$3.99 ,"427 g, $0.93/100g",Butter & Spreads,/p/21535354_EA
Plant Based Butter Alternative Salted,$4.49 ,$4.49 ,"454 g, $0.99/100g",Butter & Spreads,/p/21381941_EA
"Organic Fresh Churned Butter, Salted",$6.49 ,$6.49 ,"250 g, $2.60/100g",Butter & Spreads,20319885002_EA
Margarine Unsalted Plant-Based Sticks,$5.49 ,$5.49 ,"454 g, $1.21/100g",Butter & Spreads,/p/21088940_EA
"Organic Fresh Churned Butter, Unsalted",$6.49 ,$6.49 ,"250 g, $2.60/100g",Butter & Spreads,20319885001_EA
Spreadables Light Butter With Canola Oil,$5.79 ,$5.79 ,"227 g, $2.55/100g",Butter & Spreads,20119926001_EA
Margarine Salted Plant-Based Sticks,$5.49 ,$5.49 ,"454 g, $1.21/100g",Butter & Spreads,/p/21088919_EA
Soy Free Buttery Spread    ,$6.99 ,$6.99 ,"425 g, $1.64/100g",Butter & Spreads,/p/20288193_EA
Plant Based Butter Alternative Unsalted,$4.49 ,$4.49 ,"454 g, $0.99/100g",Butter & Spreads,/p/21381971_EA
Mirage Margarine,$7.49 ,$7.49 ,"907 g, $0.83/100g",Butter & Spreads,/p/20074944_EA
Margarine,$8.29 ,$8.29 ,"1.36 kg, $0.61/100g",Butter & Spreads,20082694001_EA
"Lactose Free Butter, Salted",$6.79 ,$6.79 ,"250 g, $2.72/100g",Butter & Spreads,/p/21048193_EA
Margarine With Olive Oil,$16.79 ,$16.79 ,"1696 g, $0.99/100g",Butter & Spreads,/p/21403681_EA
75% Vegetable Oil Margarine,$3.29 ,$3.29 ,"454 g, $0.72/100g",Butter & Spreads,/p/20651908_EA
Blue Menu Original Margarine,$4.29 ,$4.29 ,"454 g, $0.94/100g",Butter & Spreads,/p/20302492_EA
Margarine,$5.99 ,$5.99 ,"907 g, $0.66/100g",Butter & Spreads,/p/20104196_EA
Organic Dressing and Sandwich Spread,$9.29 ,$9.29 ,"473 ml, $1.96/100ml",Butter & Spreads,/p/20070573_EA
"Plant Butter, Salted",$6.29 ,$6.29 ,"454 g, $1.39/100g",Butter & Spreads,/p/21279365_EA
Original,$7.79 ,$7.79 ,"473 ml, $1.65/100ml",Butter & Spreads,/p/20010990_EA
Whipped Butter,$5.99 ,$5.99 ,"250 g, $2.40/100g",Butter & Spreads,/p/20095484_EA
Margarine Squares,$7.99 ,$7.99 ,"1.36 kg, $0.59/100g",Butter & Spreads,/p/20651891_EA
Original Margarine,$9.99 ,$9.99 ,"1.81 kg, $0.55/100g",Butter & Spreads,/p/20094736_EA
Creamy Original,$7.29 ,$7.29 ,"200 g, $3.65/100g",Butter & Spreads,/p/21339327_EA
Butter Cultured Vegan    ,$8.49 ,$8.49 ,"227 g, $3.74/100g",Butter & Spreads,/p/21192743_EA
"Dairy-Free Butter, Salted, Plant-Based ",$4.99 ,$4.99 ,"340 g, $1.47/100g",Butter & Spreads,/p/21500044_EA
Original Spread,$6.99 ,$6.99 ,"850 g, $0.82/100g",Butter & Spreads,/p/21535355_EA
"Plant Butter, Unsalted",$6.29 ,$6.29 ,"454 g, $1.39/100g",Butter & Spreads,/p/21279387_EA
Margarine Original,$16.79 ,$16.79 ,"1.7 kg, $0.99/100g",Butter & Spreads,/p/20023950_EA
Dairy Goat Milk Sea Salted Butter,$7.49 ,$7.49 ,"250 g, $3.00/100g",Butter & Spreads,/p/21189562_EA
"Organic Spread, Rich & Creamy  ",$4.29 ,$4.99 ,"368 g, $1.17/100g",Butter & Spreads,/p/20865466_EA
Margarine with Avocado Oil,$5.49 ,$5.49 ,"427 g, $1.29/100g",Butter & Spreads,/p/21044719_EA
Grass Fed Salted Butter,$7.79 ,$7.79 ,"250 g, $3.12/100g",Butter & Spreads,/p/21361785_EA
Buttery Taste Margarine,$15.99 ,$15.99 ,"1.275 kg, $1.25/100g",Butter & Spreads,/p/21279341_EA
Soy Free Vegenaise,$9.29 ,$9.29 ,"473 ml, $1.96/100ml",Butter & Spreads,/p/20908309_EA
Original Buttery Spread,$6.99 ,$6.99 ,"425 g, $1.64/100g",Butter & Spreads,/p/20323227_EA
Grass Fed Unsalted Butter,$7.79 ,$7.79 ,"250 g, $3.12/100g",Butter & Spreads,/p/21106192_EA
Organic Whipped Spread,$6.99 ,$6.99 ,"369 g, $1.89/100g",Butter & Spreads,/p/20051722_EA
Margarine,$14.49 ,$14.49 ,"3 kg, $0.48/100g",Butter & Spreads,/p/20139160_EA
Margarine Salt Free,$9.49 ,$9.49 ,"850 g, $1.12/100g",Butter & Spreads,/p/21279339_EA
Grass Fed Salted Butter,$7.79 ,$7.79 ,"250 g, $3.12/100g",Butter & Spreads,/p/21106193_EA
"Cheddar-Style Slices, Original",$4.29 ,$4.29 ,"410 g, $1.05/100g",Cheese,/p/21252564_EA
Pasteurized Cream Cheese,$3.00 ,$3.00 ,"250 g, $1.20/100g",Cheese,20308105001_EA
Cheestrings Marble 18% M.F.,$8.79 ,$8.79 ,"336 g, $2.62/100g",Cheese,/p/20763661_EA
Original Brick Cream Cheese,$4.49 ,$4.49 ,"250 g, $1.80/100g",Cheese,/p/20641267_EA
Original Cream Cheese Product,$4.49 ,$4.49 ,"227 g, $1.98/100g",Cheese,20866924010_EA
Farmer's Marble Cheese,$7.89 ,$7.89 ,"700 g, $1.13/100g",Cheese,/p/20975773_EA
Singles Original Slices,$5.49 ,$5.49 ,"410 g, $1.34/100g",Cheese,/p/21188654_EA
Slice Marble Cheddar,$6.49 ,$6.49 ,"240 g, $2.70/100g",Cheese,/p/21290705_EA
Marble Cheddar Cheese Slices,$4.99 ,$4.99 ,"230 g, $2.17/100g",Cheese,/p/20742315_EA
Slice Medium Cheddar,$6.49 ,$6.49 ,"240 g, $2.70/100g",Cheese,/p/21290684_EA
Bar Marble Cheddar,$7.99 ,$7.99 ,"400 g, $2.00/100g",Cheese,/p/21290384_EA
Old Cheddar Cheese,$7.89 ,$7.89 ,"700 g, $1.13/100g",Cheese,/p/20975873_EA
Original Cream Cheese Product,$6.99 ,$6.99 ,"340 g, $2.06/100g",Cheese,20866929002_EA
Triple Cheddar Shredded Cheese Blend,$6.79 ,$6.79 ,"320 g, $2.12/100g",Cheese,/p/21060183_EA
"Cottage Cheese, 2% M.F.",$4.00 ,$4.00 ,"500 g, $0.80/100g",Cheese,20183991002_EA
Bar Old Cheddar,$7.99 ,$7.99 ,"400 g, $2.00/100g",Cheese,/p/21290257_EA
Shredded Mozzarella,$5.49 ,$5.49 ,"320 g, $1.72/100g",Cheese,/p/21082491_EA
"Pizza Mozzarella Cheese, 28% MF",$7.89 ,$7.89 ,"700 g, $1.13/100g",Cheese,/p/20975887_EA
Herb & Garlic Cream Cheese Product,$4.49 ,$4.49 ,"227 g, $1.98/100g",Cheese,20866924007_EA
Grated Cheese Parmesan 31% M.F.,$7.79 ,$7.79 ,"250 g, $3.12/100g",Cheese,/p/21528135_EA
Pizza Mozzarella Cheese With Mild Cheddar Taste 22 % M.F.,$6.49 ,$6.49 ,"228 g, $2.85/100g",Cheese,/p/21403514_EA
Extra Old White Cheddar,$6.79 ,$6.79 ,"400 g, $1.70/100g",Cheese,/p/21289689_EA
"Cottage Cheese, 2%",$4.49 ,$4.49 ,"500 ml, $0.90/100ml",Cheese,/p/20749835_EA
Lactose Free Marble Cheddar ,$6.79 ,$6.79 ,"400 g, $1.70/100g",Cheese,/p/21289664_EA
Pizza Mozzarella Shredded Cheese,$6.79 ,$6.79 ,"320 g, $2.12/100g",Cheese,/p/21060201_EA
Medium Cheddar Cheese Slices,$4.99 ,$4.99 ,"230 g, $2.17/100g",Cheese,/p/20742451_EA
Swiss Cheese Slices,$4.99 ,$4.99 ,"210 g, $2.38/100g",Cheese,/p/20742893_EA
Bar Medium Cheddar,$7.99 ,$7.99 ,"400 g, $2.00/100g",Cheese,/p/21290270_EA
Cream Cheese Spread ,$3.00 ,$3.00 ,"227 g, $1.32/100g",Cheese,/p/21036106_EA
Cheese Sticks Stringable Marble,$10.99 ,$10.99 ,"588 g, $1.87/100g",Cheese,/p/20764568_EA
Old Cheddar Cheese Slices ,$4.99 ,$4.99 ,"210 g, $2.38/100g",Cheese,/p/20742858_EA
Shredded Mozzarella Cheese,$14.99 ,$14.99 ,"900 g, $1.67/100g",Cheese,/p/20317943_EA
Shredded Nacho Cheese Blend,$5.49 ,$5.49 ,"320 g, $1.72/100g",Cheese,/p/21082795_EA
Singles Original Thick Slices,$5.49 ,$5.49 ,"410 g, $1.34/100g",Cheese,/p/21189807_EA
Shreds Tex Mex,$8.69 ,$8.69 ,"320 g, $2.72/100g",Cheese,/p/21290616_EA
Whipped Original Cream Cheese Product,$4.49 ,$4.49 ,"227 g, $1.98/100g",Cheese,20866816002_EA
Cheestrings Marble Lactose Free,$8.79 ,$8.79 ,"252 g, $3.49/100g",Cheese,/p/21041750_EA
Monterey Jack Cheese With Jalapeño,$6.79 ,$6.79 ,"400 g, $1.70/100g",Cheese,/p/21289763_EA
Cheestrings Mozzarella 18% M.F.,$8.79 ,$8.79 ,"336 g, $2.62/100g",Cheese,/p/20763300_EA
Singles Swiss Slices,$5.49 ,$5.49 ,"410 g, $1.34/100g",Cheese,/p/21188394_EA
Velveeta Original Thin Slices,$5.49 ,$5.49 ,"410 g, $1.34/100g",Cheese,/p/21188288_EA
Med Cheddar Light,$10.79 ,$10.79 ,"600 g, $1.80/100g",Cheese,/p/21346721_EA
Bar Monterey Jack,$7.99 ,$7.99 ,"400 g, $2.00/100g",Cheese,/p/21290354_EA
Slice Mild,$20.49 ,$20.49 ,"1 kg, $2.05/100g",Cheese,/p/21291595_EA
Shreds Light Tex Mex,$8.69 ,$8.69 ,"320 g, $2.72/100g",Cheese,/p/21290444_EA
Tex Mex Shredded Cheese Blend,$11.49 ,$11.49 ,"620 g, $1.85/100g",Cheese,/p/21060759_EA
Light Double Cheddar Shredded Cheese,$5.49 ,$5.49 ,"320 g, $1.72/100g",Cheese,/p/21060178_EA
Cheese Sauce Kit Mexiqueso,$7.99 ,$7.99 ,"280 g, $2.85/100g",Cheese,/p/21496850_EA
"Pizza Mozzarella Cheese, Light 18% MF",$7.89 ,$7.89 ,"700 g, $1.13/100g",Cheese,/p/20975784_EA
Cheestrings Mozzarella Lactose Free 18% M.F.,$8.79 ,$8.79 ,"252 g, $3.49/100g",Cheese,/p/21208872_EA
Light Double Cheddar Shredded Cheese,$5.49 ,$5.49 ,"320 g, $1.72/100g",Cheese,/p/21060178_EA
Nacho Cheese Blend Shredded Mild Light 20% M.F.,$5.49 ,$5.49 ,"320 g, $1.72/100g",Cheese,/p/21060189_EA
2% M.F. Cottage Cheese ,$5.49 ,$5.49 ,"750 g, $0.73/100g",Cheese,/p/20005513_EA
Tex Mex Shredded Cheese Blend,$6.79 ,$6.79 ,"320 g, $2.12/100g",Cheese,/p/21060207_EA
Old Cheddar Cheese,$3.99 ,$3.99 ,"200 g, $2.00/100g",Cheese,/p/20305854_EA
Smoke Flavoured Cheddar Cheese,$6.79 ,$6.79 ,"400 g, $1.70/100g",Cheese,/p/21289577_EA
Shredded Cheddar & Monterey Jack Cheese Blend,$14.99 ,$14.99 ,"900 g, $1.67/100g",Cheese,/p/20309769_EA
Singles Original Slices,$10.99 ,$10.99 ,"825 g, $1.33/100g",Cheese,/p/21188312_EA
Medium Cheddar Cheese,$3.99 ,$3.99 ,"200 g, $2.00/100g",Cheese,/p/20316127_EA
Havarti Cheese,$6.79 ,$6.79 ,"400 g, $1.70/100g",Cheese,/p/21289722_EA
Slice Mont Jack,$6.49 ,$6.49 ,"220 g, $2.95/100g",Cheese,/p/21290692_EA
Cheddar Flavour Processed Cheese Product Thick Slices,$3.99 ,$3.99 ,"400 g, $1.00/100g",Cheese,/p/21221009_EA
Tre Stelle Cream Cheese Original    ,$4.69 ,$4.69 ,"200 g, $2.35/100g",Cheese,/p/21316018_EA
Medium Cheddar Cheese Sticks,$8.79 ,$8.79 ,"252 g, $3.49/100g",Cheese,/p/20986479_EA
Cheddar Flavour Processed Cheese Product Slices,$3.99 ,$3.99 ,"400 g, $1.00/100g",Cheese,/p/21220995_EA
Singles Original Light,$5.49 ,$5.49 ,"410 g, $1.34/100g",Cheese,/p/21188390_EA
Lactose Free Marble Cheddar Cheese Slices,$4.79 ,$4.79 ,"210 g, $2.28/100g",Cheese,/p/21506659_EA
Snack Old Cheddar Cheese,$14.49 ,$14.49 ,"630 g, $2.30/100g",Cheese,/p/21334178_EA
Tex Mex Shredded Cheese Blend,$11.49 ,$11.49 ,"620 g, $1.85/100g",Cheese,/p/21060759_EA
Dairy Old Goat's Milk Cheddar Cheese,$8.99 ,$8.99 ,"200 g, $4.50/100g",Cheese,/p/21184490_EA
Shredded Pizza/ Pasta Mozzarella Cheese,$19.49 ,$19.49 ,"907 g, $2.15/100g",Cheese,/p/21377837_EA
Slice Mild,$20.49 ,$20.49 ,"1 kg, $2.05/100g",Cheese,/p/21291595_EA
Cheese Sauce Kit Mexiqueso,$7.99 ,$7.99 ,"280 g, $2.85/100g",Cheese,/p/21496850_EA
Monterey Jack Cheese with Jalapeño 28% M.F.,$10.79 ,$10.79 ,"600 g, $1.80/100g",Cheese,/p/21102800_EA
Mild Cheddar Cheese,$7.89 ,$7.89 ,"700 g, $1.13/100g",Cheese,/p/20975791_EA
Bar Mozzarella,$7.99 ,$7.99 ,"400 g, $2.00/100g",Cheese,/p/21290352_EA
Processed Cheese Product Thick Slices Cheddar Flavour,$7.49 ,$7.49 ,"800 g, $0.94/100g",Cheese,/p/21279754_EA
Pizza Mozz Light 18%,$10.79 ,$10.79 ,"600 g, $1.80/100g",Cheese,/p/21347186_EA
Light Cheddar Flavour Processed Cheese Product Slices,$3.99 ,$3.99 ,"400 g, $1.00/100g",Cheese,/p/21221011_EA
"Cheese, Mexican Fiesta 31 % M.F. Cheddar with Jalapeño",$10.79 ,$10.79 ,"600 g, $1.80/100g",Cheese,/p/21334133_EA
Old Cheddar Cheese,$10.79 ,$10.79 ,"600 g, $1.80/100g",Cheese,/p/21256609_EA
Shredded Pizza Mozzarella Cheese,$11.49 ,$11.49 ,"620 g, $1.85/100g",Cheese,/p/21060181_EA
Nibblers Smokey Bacon Natural Snacking Cheese curds,$4.99 ,$4.99 ,"200 g, $2.50/100g",Cheese,/p/21540213_EA
"Shredded Natural Cheese Triple Cheddar, 31 % M.F.",$12.49 ,$12.49 ,"600 g, $2.08/100g",Cheese,/p/21217261_EA
Grated Cheese Parmesan 31% M.F.,$13.99 ,$13.99 ,"500 g, $2.80/100g",Cheese,/p/21528283_EA
"Organic Cheese, Old Cheddar",$6.49 ,$6.49 ,"200 g, $3.25/100g",Cheese,/p/20324449_EA
Cream Cheese Spread with Everything Bagel Seasoning,$3.00 ,$3.00 ,"227 g, $1.32/100g",Cheese,/p/21216994_EA
Medium Cheddar Cheese,$7.89 ,$7.89 ,"700 g, $1.13/100g",Cheese,/p/20975786_EA
Cream Cheese Spread with Herbs & Roasted Garlic,$3.00 ,$3.00 ,"227 g, $1.32/100g",Cheese,/p/21035622_EA
Shredded Medium Cheddar,$5.49 ,$5.49 ,"320 g, $1.72/100g",Cheese,/p/21082799_EA
"Organic Cheese, Medium Cheddar",$6.49 ,$6.49 ,"200 g, $3.25/100g",Cheese,/p/20039037_EA
Marble Cheddar Cheese,$6.79 ,$6.79 ,"400 g, $1.70/100g",Cheese,/p/21333360_EA
Shredded Mild White Cheddar Cheese,$5.49 ,$5.49 ,"320 g, $1.72/100g",Cheese,/p/21060231_EA
Mmmm… Bacon Natural Shredded Cheese with REAL Bacon,$12.49 ,$12.49 ,"550 g, $2.27/100g",Cheese,/p/21495939_EA
Cheese Sauce Kit Creamy Alfredo,$7.99 ,$7.99 ,"271 g, $2.95/100g",Cheese,/p/21496842_EA
Medium Cheddar Cheese Slice,$6.49 ,$6.49 ,"240 g, $2.70/100g",Cheese,/p/21333850_EA
Shredded Medium Cheddar Cheese,$14.99 ,$14.99 ,"900 g, $1.67/100g",Cheese,/p/20306093_EA
Shreds Italiano,$8.69 ,$8.69 ,"320 g, $2.72/100g",Cheese,/p/21290593_EA
Old Cheddar Cheese,$23.99 ,$23.99 ,"1.35 kg, $1.78/100g",Cheese,/p/21283146_EA
Old Cheddar Cheese,$6.79 ,$6.79 ,"400 g, $1.70/100g",Cheese,/p/21333354_EA
Marble Cheddar Light Cheese Bar,$10.79 ,$10.79 ,"600 g, $1.80/100g",Cheese,/p/21346746_EA
Nibblers Sour Cream & Onion Natural Snacking Cheese curds,$4.99 ,$4.99 ,"200 g, $2.50/100g",Cheese,/p/21539411_EA
Singles Mozzarella Processed Cheese Slices,$5.49 ,$5.49 ,"410 g, $1.34/100g",Cheese,/p/21188340_EA
Part Skim Mozzarella Cheese,$3.99 ,$3.99 ,"200 g, $2.00/100g",Cheese,/p/20311870_EA
Cheestrings Marble 18% M.F.,$12.29 ,$12.29 ,"588 g, $2.09/100g",Cheese,/p/20765883_EA
"Tre Stelle Creamy Cheese Spread, Lactose Free",$4.69 ,$4.69 ,"200 g, $2.35/100g",Cheese,/p/21002993_EA
Organic Mozzarella,$6.49 ,$6.49 ,"200 g, $3.25/100g",Cheese,/p/21295367_EA
Shreds Mozza Cheddar,$8.69 ,$8.69 ,"320 g, $2.72/100g",Cheese,/p/21290620_EA
Original Cream Cheese Product,$8.49 ,$8.49 ,"450 g, $1.89/100g",Cheese,20866923001_EA
Slice Medium Cheddar Light,$6.49 ,$6.49 ,"240 g, $2.70/100g",Cheese,/p/21290691_EA
Fat Free Sour Cream,$3.00 ,$3.00 ,"500 ml, $0.60/100ml",Cheese,/p/21308192_EA
Light Original Cream Cheese Product,$3.00 ,$3.00 ,"227 g, $1.32/100g",Cheese,/p/21035629_EA
Light Marble Cheddar Cheese,$3.99 ,$3.99 ,"200 g, $2.00/100g",Cheese,20298441001_EA
Light Cream Cheese,$8.49 ,$8.49 ,"450 g, $1.89/100g",Cheese,20866923002_EA
Shreds Mozzarella,$8.69 ,$8.69 ,"320 g, $2.72/100g",Cheese,/p/21290618_EA
Mozzarella Cheese Sticks 20 % M.F. 8 Sticks,$7.69 ,$8.29 ,"168 g, $4.58/100g",Cheese,/p/21043266_EA
Bar Marble,$19.99 ,$19.99 ,"1.15 kg, $1.74/100g",Cheese,/p/21291627_EA
Shreds 3 Cheese Mexicana,$8.69 ,$8.69 ,"320 g, $2.72/100g",Cheese,/p/21290439_EA
"Organic Cheese, Marble Cheddar",$6.49 ,$6.49 ,"200 g, $3.25/100g",Cheese,20320775001_EA
"Mild Cheddar Cheese, Light",$7.89 ,$7.89 ,"700 g, $1.13/100g",Cheese,/p/20975795_EA
"Cheese, Taco Nacho Flavoured",$18.99 ,$18.99 ,"1 kg, $1.90/100g",Cheese,/p/21541401_EA
Marble Cheddar Cheese Block,$12.99 ,$12.99 ,"820 g, $1.58/100g",Cheese,/p/21448804_EA
Combos - Marble & Naturally Smoked Ham Sausage Sticks,$4.99 ,$4.99 ,"180 g, $2.77/100g",Cheese,/p/21440769_EA
Shredded Edam & Mozzarella Cheese Blend,$14.99 ,$14.99 ,"900 g, $1.67/100g",Cheese,/p/20326387_EA
Pizza Mozzarella Cheese Block,$12.49 ,$12.49 ,"820 g, $1.52/100g",Cheese,/p/21448829_EA
Lactose Free 2% M.F. Cottage Cheese,$4.29 ,$4.29 ,"500 g, $0.86/100g",Cheese,/p/20984624_EA
"Cheese, Pizza Mozzarella",$29.99 ,$29.99 ,"2.4 kg, $1.25/100g",Cheese,/p/20845247_EA
Singles Original Thick Slices,$10.99 ,$10.99 ,"825 g, $1.33/100g",Cheese,/p/21188400_EA
Medium Cheddar Cheese,$6.79 ,$6.79 ,"400 g, $1.70/100g",Cheese,/p/21333349_EA
Mozzarellissima,$18.99 ,$18.99 ,"1 kg, $1.90/100g",Cheese,/p/20770964_EA
Smoke Flavoured Shredded Cheddar Cheese ,$6.79 ,$6.79 ,"320 g, $2.12/100g",Cheese,/p/21200685_EA
Bar Old Cheddar Light,$7.99 ,$7.99 ,"400 g, $2.00/100g",Cheese,/p/21290377_EA
Extra Old White Cheddar Cheese 31% M.F. Cracker Cut,$10.79 ,$10.79 ,"600 g, $1.80/100g",Cheese,/p/21102822_EA
Salad Topper Shredded Cheese Blend,$6.79 ,$6.79 ,"300 g, $2.26/100g",Cheese,20310949006_EA
Stringable Cheese Pizza Mozzarella,$10.99 ,$10.99 ,"588 g, $1.87/100g",Cheese,/p/20765196_EA
Cheese Sauce Kit 4 Cheeses Italiano,$7.99 ,$7.99 ,"280 g, $2.85/100g",Cheese,/p/21524469_EA
Combo Marble Cubes and Sea Salted Roasted Almonds and Dried Cranberries,$5.49 ,$5.49 ,"127.6 g, $4.30/100g",Cheese,/p/21208641_EA
Monterey Jack Cheese,$6.79 ,$6.79 ,"400 g, $1.70/100g",Cheese,/p/21289775_EA
Chive Whipped Cream Cheese Product,$4.49 ,$4.49 ,"227 g, $1.98/100g",Cheese,20866816001_EA
Cheddar Style Slices ,$7.29 ,$7.29 ,"200 g, $3.65/100g",Cheese,/p/21339330_EA
Lactose Free Nacho Shredded Cheese Blend,$6.79 ,$6.79 ,"320 g, $2.12/100g",Cheese,/p/21475500_EA
Herb & Garlic Cream Cheese Product,$6.99 ,$6.99 ,"340 g, $2.06/100g",Cheese,20866929001_EA
Havarti Sliced Cheese,$4.79 ,$5.29 ,"210 g, $2.28/100g",Cheese,/p/21405953_EA
Naturally Lactose-Free Swiss Cheese ,$6.79 ,$6.79 ,"300 g, $2.26/100g",Cheese,/p/20922823_EA
Greek Yogurt Tzatziki Dip,$3.69 ,$3.69 ,"227 g, $1.63/100g",Cheese,/p/21032263_EA
Cheddar Cheese with Habanero,$6.79 ,$6.79 ,"400 g, $1.70/100g",Cheese,/p/21289756_EA
Cheddar Flavour Processed Cheese Product Slices,$7.49 ,$7.49 ,"800 g, $0.94/100g",Cheese,/p/21221013_EA
Slice Swiss,$6.49 ,$6.49 ,"220 g, $2.95/100g",Cheese,/p/21290689_EA
Smoked Salmon Cream Cheese Product,$4.49 ,$4.49 ,"227 g, $1.98/100g",Cheese,20866924001_EA
2% Cottage Cheese,$7.29 ,$7.29 ,"1 kg, $0.73/100g",Cheese,/p/20055519_EA
Mixed Berry Whipped Cream Cheese Product,$4.49 ,$4.49 ,"227 g, $1.98/100g",Cheese,/p/20866971_EA
Farmer's Marble Cheese ,$3.99 ,$3.99 ,"200 g, $2.00/100g",Cheese,/p/20331973_EA
Bar Marble Cheddar Light,$7.99 ,$7.99 ,"400 g, $2.00/100g",Cheese,/p/21290422_EA
"Medium Cheddar Cheese, Club Size",$29.99 ,$29.99 ,"2.27 kg, $1.32/100g",Cheese,/p/20178500_EA
Paneer,$5.49 ,$5.49 ,"350 g, $1.57/100g",Cheese,/p/21099328_EA
Bar Old Cheddar,$19.99 ,$19.99 ,"1.15 kg, $1.74/100g",Cheese,/p/21291601_EA
Stringable Cheese Pizza Mozzarella,$7.79 ,$7.79 ,"336 g, $2.32/100g",Cheese,/p/20765347_EA
Medium Cheddar     ,$23.99 ,$23.99 ,"1.35 kg, $1.78/100g",Cheese,/p/21283149_EA
Medium Cheddar Cheese Block,$12.99 ,$12.99 ,"820 g, $1.58/100g",Cheese,/p/21448845_EA
"Shredded Natural Cheddar Cheese Old Cheddar Sharp, 31 % M.F.",$12.49 ,$12.49 ,"600 g, $2.08/100g",Cheese,/p/21217263_EA
Medium Cheddar Cheese,$10.79 ,$10.79 ,"600 g, $1.80/100g",Cheese,/p/21255898_EA
"Cheese, Light Cheddar Old 19 % M.F.",$10.79 ,$10.79 ,"600 g, $1.80/100g",Cheese,/p/21347159_EA
Marble Cheddar Cheese  ,$29.99 ,$29.99 ,"2.27 kg, $1.32/100g",Cheese,/p/20299193_EA
Tre Formaggi Shredded Cheese Blend,$6.79 ,$6.79 ,"320 g, $2.12/100g",Cheese,/p/21060211_EA
"Mozzarella Cheese, Club Size",$29.99 ,$29.99 ,"2.27 kg, $1.32/100g",Cheese,/p/20296524_EA
Pasteurized Light Cream Cheese Spread,$3.00 ,$3.00 ,"250 g, $1.20/100g",Cheese,20308105002_EA
Monterey Jack Sliced Cheese,$4.79 ,$5.29 ,"210 g, $2.28/100g",Cheese,/p/21406181_EA
Marble Cheddar Cheese Sticks,$8.79 ,$8.79 ,"252 g, $3.49/100g",Cheese,/p/20986474_EA
Smoked Salmon Cream Cheese Product,$6.99 ,$6.99 ,"340 g, $2.06/100g",Cheese,/p/21083826_EA
Mozzarella 100% Real Cheese Slices ,$4.99 ,$4.99 ,"230 g, $2.17/100g",Cheese,/p/20742372_EA
Slice Herb Garlic,$6.49 ,$6.49 ,"200 g, $3.25/100g",Cheese,/p/21290680_EA
"Cottage Cheese, 1%",$4.49 ,$4.49 ,"500 ml, $0.90/100g",Cheese,/p/20749831_EA
Shredded Cheese Parmesan 27% M.F.,$9.99 ,$9.99 ,"0.2 kg, $5.00/100g",Cheese,/p/21529152_EA
Shredded Nacho Cheese Blend,$14.99 ,$14.99 ,"900 g, $1.67/100g",Cheese,/p/20142980_EA
Light Cream Cheese Spread,$4.49 ,$4.49 ,"250 g, $1.80/100g",Cheese,20324286002_EA
Cream Cheese Product With Jalapeño ,$3.00 ,$3.00 ,"227 g, $1.32/100g",Cheese,/p/21047867_EA
Stringable Cheese Marble,$7.79 ,$7.79 ,"336 g, $2.32/100g",Cheese,/p/20765349_EA
Smoke Flavoured Provolone Style Slices,$7.29 ,$7.29 ,"200 g, $3.65/100g",Cheese,/p/21339317_EA
Strawberry Cream Cheese Product,$4.49 ,$4.49 ,"227 g, $1.98/100g",Cheese,20867073004_EA
Nibblers Original Natural Snacking Cheese curds,$4.99 ,$4.99 ,"200 g, $2.50/100g",Cheese,/p/21539032_EA
Parmesan Shredded Cheese,$6.79 ,$6.79 ,"250 g, $2.72/100g",Cheese,/p/21203933_EA
Marble Cheddar Cheese Bar,$10.79 ,$10.79 ,"600 g, $1.80/100g",Cheese,/p/21255902_EA
Tre Formaggi Shredded Cheese Blend,$11.49 ,$11.49 ,"620 g, $1.85/100g",Cheese,/p/21060176_EA
"Cheese, Process Product Extra Cheddar",$9.99 ,$9.99 ,"785 g, $1.27/100g",Cheese,/p/21411726_EA
Shredded Cheese Alternative Parmesan Style,$7.49 ,$7.49 ,"113 g, $6.63/100g",Cheese,/p/21195484_EA
Shreds Double Ched,$8.69 ,$8.69 ,"320 g, $2.72/100g",Cheese,/p/21290613_EA
Light Original Cream Cheese Product,$4.49 ,$4.49 ,"227 g, $1.98/100g",Cheese,20866924005_EA
Shredded Feta Cheese,$6.79 ,$6.79 ,"300 g, $2.26/100g",Cheese,/p/20711027_EA
Pizza Mozz Cheese Slice,$6.49 ,$6.49 ,"240 g, $2.70/100g",Cheese,/p/21333851_EA
Slice Mozz,$6.49 ,$6.49 ,"240 g, $2.70/100g",Cheese,/p/21290682_EA
Mac & Cheese Shredded Cheese Blend,$6.79 ,$6.79 ,"320 g, $2.12/100g",Cheese,/p/21060199_EA
Shredded Cheddar Cheese With Habanero ,$6.79 ,$6.79 ,"320 g, $2.12/100g",Cheese,/p/21200688_EA
Mozzarellissima Shredded Natural Pizza Mozzarella Cheese 20% M.F.,$18.99 ,$18.99 ,"1 kg, $1.90/100g",Cheese,/p/21541405_EA
Goat Dairy Marble Goat Cheddar Cheese 31 % M.F.,$8.99 ,$8.99 ,"200 g, $4.50/100g",Cheese,/p/21184505_EA
Grated Cheese Parmesan 31% M.F.,$5.49 ,$5.49 ,"125 g, $4.39/100g",Cheese,/p/21528163_EA
Triple Cheddar Shredded Cheese Blend ,$11.49 ,$11.49 ,"620 g, $1.85/100g",Cheese,/p/21060177_EA
Cheddar Cheese Sticks 24 % M.F. 8 Sticks,$7.69 ,$8.29 ,"168 g, $4.58/100g",Cheese,/p/21043374_EA
"Cheese, Sliced Cheddar with Jalapeño Mexican Fiesta 31 % M.F.",$6.49 ,$6.49 ,"220 g, $2.95/100g",Cheese,/p/21410223_EA
Bar Extra Old White Cheddar,$7.99 ,$7.99 ,"400 g, $2.00/100g",Cheese,/p/21290381_EA
Shreds Habanero,$8.69 ,$8.69 ,"320 g, $2.72/100g",Cheese,/p/21290504_EA
Cheese Alternative Classic Greek-Style,$11.99 ,$11.99 ,"200 g, $6.00/100g",Cheese,/p/21524117_EA
Velveeta Processed Cheese Loaf,$13.29 ,$13.29 ,"900 g, $1.48/100g",Cheese,/p/20009833_EA
"Shredded Pizza Mozzarella Cheese Pizza Mozzarella, 28 % M.F.",$12.49 ,$12.49 ,"600 g, $2.08/100g",Cheese,/p/21217214_EA
Cottage Cheese,$9.29 ,$9.29 ,"500 g, $1.86/100g",Cheese,/p/20800898_EA
"Grated Cheese, 100% Parmesan",$7.29 ,$7.29 ,"200 g, $3.65/100g",Cheese,/p/20126049_EA
Slice Habanero,$6.49 ,$6.49 ,"200 g, $3.25/100g",Cheese,/p/21290683_EA
Mozzarellissima,$8.99 ,$8.99 ,"500 g, $1.80/100g",Cheese,20759241002_EA
Sour Cream Dip Nacho Queso Supreme,$3.99 ,$3.99 ,"250 g, $1.60/100g",Cheese,/p/21505153_EA
Shredded Farmer's Marble Cheese,$5.49 ,$5.49 ,"320 g, $1.72/100g",Cheese,/p/21200684_EA
Light Herb & Garlic Cream Cheese,$4.49 ,$4.49 ,"227 g, $1.98/100g",Cheese,20866924006_EA
"Cottage Cheese, 2%",$7.29 ,$7.29 ,"750 g, $0.97/100g",Cheese,/p/20831067_EA
Feta Style Block Alternative To Cheese,$7.29 ,$7.29 ,"200 g, $3.65/100g",Cheese,/p/21426396_EA
Original Cream Cheese Spread ,$4.69 ,$4.69 ,"340 g, $1.38/100g",Cheese,/p/20911023_EA
Cheddar Style Shreds,$7.29 ,$7.29 ,"227 g, $3.21/100g",Cheese,/p/21339324_EA
Mature Cheddar Style Slices,$7.29 ,$7.29 ,"200 g, $3.65/100g",Cheese,/p/21339319_EA
Lactose Free Old Yellow Cheddar Cheese,$6.79 ,$6.79 ,"400 g, $1.70/100g",Cheese,/p/21289645_EA
Shredded Part Skimmed Mozzarella,$5.49 ,$5.49 ,"320 g, $1.72/100g",Cheese,/p/21060319_EA
Gouda Sliced Cheese,$4.79 ,$5.29 ,"210 g, $2.28/100g",Cheese,/p/21406184_EA
Original Light Cream Cheese Product,$6.99 ,$6.99 ,"340 g, $2.06/100g",Cheese,20866929003_EA
Cheestrings Cheddar Flavour 27% M.F.,$8.79 ,$8.79 ,"336 g, $2.62/100g",Cheese,/p/20763298_EA
Lactose Free Plain Cream Cheese ,$4.19 ,$4.19 ,"250 g, $1.68/100g",Cheese,/p/21184727_EA
Light Marble Cheddar Cheese 19% M.F.,$7.89 ,$7.89 ,"700 g, $1.13/100g",Cheese,/p/20975775_EA
Pizza Mozzarella Cheese Mozza Stix 18 % M.F.,$6.49 ,$6.49 ,"228 g, $2.85/100g",Cheese,/p/21536895_EA
Slice Havarti,$6.49 ,$6.49 ,"220 g, $2.95/100g",Cheese,/p/21290700_EA
Light Medium Cheddar Cheese,$3.99 ,$3.99 ,"200 g, $2.00/100g",Cheese,/p/20307399_EA
"Original Cream Cheese, Lactose Free",$6.29 ,$6.29 ,"250 g, $2.52/100g",Cheese,/p/21314936_EA
Mozzarella Style Shreds,$7.29 ,$7.29 ,"227 g, $3.21/100g",Cheese,/p/21339312_EA
Plant Based Coconut Cream Cheese-Style Spread,$3.39 ,$3.39 ,"227 g, $1.49/100g",Cheese,/p/21203935_EA
Old Cheddar Cheese Block,$12.99 ,$12.99 ,"820 g, $1.58/100g",Cheese,/p/21448836_EA
Pizza Mozz 28%,$10.79 ,$10.79 ,"600 g, $1.80/100g",Cheese,/p/21346556_EA
Havarti Cheese 32% M.F.,$10.79 ,$10.79 ,"600 g, $1.80/100g",Cheese,/p/21102802_EA
Natural Swiss Cheese Slice,$6.49 ,$6.49 ,"220 g, $2.95/100g",Cheese,/p/21333866_EA
Combos - Mozzarella & Naturally Smoked Salami Sticks,$4.99 ,$4.99 ,"180 g, $2.77/100g",Cheese,/p/21440781_EA
"Old Cheddar Cheese, Club Size",$29.99 ,$29.99 ,"2.27 kg, $1.32/100g",Cheese,/p/20077817_EA
Light Old Cheddar Cheese ,$7.89 ,$7.89 ,"700 g, $1.13/100g",Cheese,/p/20975782_EA
Cheddar Cheese Old Probiotic 34% M.F.,$5.79 ,$5.79 ,"168 g, $3.45/100g",Cheese,/p/21496865_EA
Velveeta Processed Cheese Loaf,$8.49 ,$8.49 ,"450 g, $1.89/100g",Cheese,/p/20076573_EA
Lactose Free Pizza Mozzarella Shredded Cheese,$6.79 ,$6.79 ,"320 g, $2.12/100g",Cheese,/p/21082488_EA
Shredded Old White Cheddar Cheese,$5.49 ,$5.49 ,"320 g, $1.72/100g",Cheese,/p/21060228_EA
"Medium Cheddar Cheese, Light",$7.89 ,$7.89 ,"700 g, $1.13/100g",Cheese,/p/20975789_EA
Marble Cheese Sticks,$14.49 ,$14.49 ,"630 g, $2.30/100g",Cheese,/p/21023012_EA
Combos - Mozzarella & Naturally Smoked Salami Sticks,$4.99 ,$4.99 ,"180 g, $2.77/100g",Cheese,/p/21440781_EA
Old Cheddar Cheese Block,$12.99 ,$12.99 ,"820 g, $1.58/100g",Cheese,/p/21448836_EA
Pizza Mozz 28%,$10.79 ,$10.79 ,"600 g, $1.80/100g",Cheese,/p/21346556_EA
Natural Swiss Cheese Slice,$6.49 ,$6.49 ,"220 g, $2.95/100g",Cheese,/p/21333866_EA
1% M.F. Cottage Cheese ,$5.49 ,$5.49 ,"750 g, $0.73/100g",Cheese,/p/20324557_EA
Old Cheddar Cheese + Sea-Salted Roasted Cashews & Cherry Infused Dried Cranberries,$5.49 ,$5.49 ,"127.6 g, $4.30/100g",Cheese,/p/21208897_EA
Gouda Cheese,$6.79 ,$6.79 ,"400 g, $1.70/100g",Cheese,/p/21289708_EA
Original Cream Cheese,$6.29 ,$6.29 ,"227 g, $2.77/100g",Cheese,/p/21314933_EA
Pizza Mozzarella Cheese,$3.99 ,$3.99 ,"200 g, $2.00/100g",Cheese,/p/20329874_EA
Slice Old White,$6.49 ,$6.49 ,"200 g, $3.25/100g",Cheese,/p/21290704_EA
Shredded Marble Farmer's Cheese,$14.99 ,$14.99 ,"900 g, $1.67/100g",Cheese,/p/21200683_EA
2% M.F. Cottage Cheese ,$4.49 ,$4.49 ,"500 g, $0.90/100g",Cheese,/p/20310419_EA
Lactose Free Old Cheddar Cheese Slices,$4.79 ,$4.79 ,"210 g, $2.28/100g",Cheese,/p/21506704_EA
Natural Cheese Sticks Lactose Free Marble Cheddar Cheese 34% M.F.,$8.79 ,$8.79 ,"189 g, $4.65/100g",Cheese,/p/21537373_EA
1 % M.F. Light Cottage Cheese,$7.29 ,$7.29 ,"750 g, $0.97/100g",Cheese,/p/21096733_EA
Cream Cheese Product With Strawberries,$3.00 ,$3.00 ,"227 g, $1.32/100g",Cheese,/p/21047871_EA
Shaved Cheese 100% Parmesan 27% M.F.,$7.79 ,$7.79 ,"0.141 kg, $5.52/100g",Cheese,/p/21529164_EA
Original Balkan Balkan Style Yogurt,$3.49 ,$3.49 ,"750 g, $0.47/100g",Yogurt,20165226001_EA
"Yogurt With Probiotics, Vanilla Flavour",$3.79 ,$3.79 ,"650 g, $0.58/100g",Yogurt,20325132003_EA
"Nano Drinkable Yogurt, Strawberry - 1% M.F.",$4.37 ,$4.37 ,"6x93.0 ml, $0.78/100ml",Yogurt,20609687001_EA
"Yogurt With Probiotics, Vanilla Flavour",$5.29 ,$5.29 ,"8x100.0 g, $0.66/100g",Yogurt,20325384002_EA
"Nano Yogurt, Vanilla",$4.37 ,$4.37 ,"6x93.0 ml, $0.78/100ml",Yogurt,/p/20903653_EA
"Greek Yogurt, Key Lime Flavour, 2% M.F., Blended",$4.49 ,$4.49 ,"4x100.0 g, $1.12/100g",Yogurt,20419715004_EA
"Greek Plain 0% MF Yogurt, High in Protein",$6.99 ,$6.99 ,"750 g, $0.93/100g",Yogurt,/p/20642273_EA
"Greek Yogurt, Vanilla Flavour, 2% M.F.,  Blended",$4.49 ,$4.49 ,"4x100.0 g, $1.12/100g",Yogurt,/p/20625055_EA
Yop Drinkable Yogurt Strawberry Flavour ,$1.29 ,$1.29 ,"200 ml, $0.65/100ml",Yogurt,/p/21478178_EA
Yop Drinkable Yogurt  Strawberry-Banana Flavour,$1.29 ,$1.29 ,"200 ml, $0.65/100ml",Yogurt,/p/21477986_EA
"Nano Drinkable Yogurt, Raspberry",$4.37 ,$4.37 ,"6x93.0 ml, $0.78/100ml",Yogurt,20609687002_EA
"Greek Yogurt, Banana Flavour, Blended, 2% Mf, 4X100G",$4.49 ,$4.49 ,"4x100.0 g, $1.12/100g",Yogurt,/p/21006595_EA
"Nano Yogurt, Peach 1%",$4.37 ,$4.37 ,"6x93.0 ml, $0.78/100ml",Yogurt,/p/21042490_EA
"Probiotic Yogurt, Strawberry/Blueberry/Raspberry/Peach Flavour",$6.79 ,$6.79 ,"12x100.0 g, $0.57/100g",Yogurt,20303412001_EA
"Greek Yogurt, Strawberry Flavour, Fruit On The Bottom, 2% M.F.",$4.49 ,$4.49 ,"4x100.0 g, $1.12/100g",Yogurt,20419715001_EA
"Yogurt, Plain 0% M.F. Icelandic Skyr Thick Yogourt",$5.99 ,$6.29 ,"750 g, $0.80/100g",Yogurt,/p/21353892_EA
"Drinkable Yogurt, Banana 1.5%",$4.37 ,$4.37 ,"6x93.0 ml, $0.78/100ml",Yogurt,20609687003_EA
Vanilla Yogurt,$1.29 ,$1.29 ,"200 ml, $0.65/100ml",Yogurt,/p/21478300_EA
"0% MF Greek Yogurt, Plain, Club Size",$6.00 ,$6.00 ,"1 kg, $0.60/100g",Yogurt,/p/21518400_EA
"Fat Free Greek Yogurt, Peach-Mango Flavour, Fruit On The Bottom, 0% M.F.",$4.49 ,$4.49 ,"4x100.0 g, $1.12/100g",Yogurt,20419715006_EA
Minigo 3% MF Fresh Cheese Strawberry/Strawberry-Vanilla/Strawberry-Banana,$3.49 ,$3.49 ,"6x60.0 g, $0.97/100g",Yogurt,20275868001_EA
Yop Drinkable Yogurt Peach Flavour 1% M.F.,$1.29 ,$1.29 ,"200 ml, $0.65/100ml",Yogurt,/p/21478288_EA
1% Lactose Free Strawberry-Banana Drinkable Yogurt,$4.37 ,$4.37 ,"6x93.0 ml, $0.78/100g",Yogurt,/p/21219007_EA
"Yogurt 1.5% M.F. Variety Pack - Strawberry,Raspberry, Blueberry & Vanilla",$7.79 ,$7.79 ,"16x100.0 g, $0.49/100g",Yogurt,20609583001_EA
"Yogurt With Probiotics, Strawberry Flavour",$3.79 ,$3.79 ,"650 g, $0.58/100g",Yogurt,20325132001_EA
"Greek Yogurt, Blueberry Flavour, Fruit On The Bottom, 2% M.F.",$4.49 ,$4.49 ,"4x100.0 g, $1.12/100g",Yogurt,20419715003_EA
"Greek Yogurt, Raspberry-Pomegramate Flavour, Fruit On Bottom, 2% M.F.,",$4.49 ,$4.49 ,"4x100.0 g, $1.12/100g",Yogurt,20419715005_EA
Greek Plain 2% MF Yogurt,$6.99 ,$6.99 ,"750 g, $0.93/100g",Yogurt,20704361001_EA
Plain Greek Yogurt,$5.00 ,$5.00 ,"750 g, $0.67/100g",Yogurt,/p/21518484_EA
Source Vanilla  Yogurt 0% MF,$3.49 ,$3.49 ,"630 g, $0.55/100g",Yogurt,21391318001_EA
"Yop Drinkable Yogurt, Pink Lemonade",$1.29 ,$1.29 ,"200 ml, $0.65/100ml",Yogurt,/p/21478096_EA
Yop Drinkable Yogurt Tropical Flavour,$1.29 ,$1.29 ,"200 ml, $0.65/100ml",Yogurt,/p/21478243_EA
"Yogurt With Probiotics, Raspberry Flavour",$3.79 ,$3.79 ,"650 g, $0.58/100g",Yogurt,20325132005_EA
"Yogurt With Probiotics, Cherry Flavour",$3.79 ,$3.79 ,"650 g, $0.58/100g",Yogurt,20608416002_EA
Plain Greek Yogurt Club Size 2% M.F.,$6.00 ,$6.00 ,"1 kg, $0.60/100g",Yogurt,/p/21520199_EA
Yop Drinkable Yogurt Raspberrry Flavour,$1.29 ,$1.29 ,"200 ml, $0.65/100ml",Yogurt,/p/21478195_EA
"Fat Free Greek Yogurt, Cherry Flavour, Fruit On The Bottom, 0% M.F.",$4.49 ,$4.49 ,"4x100.0 g, $1.12/100g",Yogurt,20419715007_EA
Yop Drinkable Yogurt Blueberry Flavour,$1.29 ,$1.29 ,"200 ml, $0.65/100ml",Yogurt,/p/21478227_EA
"Fat Free Greek Yogurt, Plain, No Added Sugar Value Tub",$7.19 ,$7.19 ,"750 g, $0.96/100g",Yogurt,/p/21006634_EA
"Danino Strawberry-Banana Flavoured Paw Patrol Yogurt Drink For Kids, 6X93",$3.79 ,$3.79 ,"558 ml, $0.68/100ml",Yogurt,/p/21520250_EA
"Fat Free Greek Yogurt, High Protein, Plain, 0% M.F.",$7.19 ,$7.19 ,"650 g, $1.11/100g",Yogurt,/p/21305945_EA
Source Raspberry/Fieldberry/Strawberry/Peach  0% MF Yogurt,$6.47 ,$6.47 ,"16x100.0 g, $0.40/100g",Yogurt,20317317001_EA
"Yogurt With Probiotics, Peach Flavour Tub",$3.79 ,$3.79 ,"650 g, $0.58/100g",Yogurt,/p/21107643_EA
Vanilla Yogurt,$5.99 ,$6.29 ,"750 g, $0.80/100g",Yogurt,/p/21353874_EA
"Yogurt With Probiotics, Strawberry Vanilla Flavour",$5.29 ,$5.29 ,"8x100.0 g, $0.66/100g",Yogurt,20324741001_EA
Yogurt With Probiotics Lemon Flavour,$3.79 ,$3.79 ,"650 g, $0.58/100g",Yogurt,20608416001_EA
"Yogurt With Probiotics, Blueberry Flavour",$3.79 ,$3.79 ,"650 g, $0.58/100g",Yogurt,20302315001_EA
Yop Drinkable Yogurt Watermelon Flavour ,$1.29 ,$1.29 ,"200 ml, $0.65/100ml",Yogurt,/p/21478186_EA
Drinkable Yogurt 1% M.F. Assorted Flavours,$10.99 ,$10.99 ,"12x200.0 ml, $0.46/100ml",Yogurt,/p/21481820_EA
"Original Balkan Style Yogurt, Plain 2%",$3.49 ,$3.49 ,"750 g, $0.47/100g",Yogurt,20170533001_EA
"Original Balkan Style Yogurt, Strawberry Shortcake",$3.49 ,$3.49 ,"650 g, $0.54/100g",Yogurt,/p/20706077_EA
Source Dessert Lemon Meringue Pie/Berry Crumble/Key Lime Pie/Strawberries and Cream 0% MF Yogurt,$6.47 ,$6.47 ,"16x100.0 g, $0.40/100g",Yogurt,20310980001_EA
"High Protein Yogurt 2%, Banana",$5.99 ,$6.29 ,"650 g, $0.92/100g",Yogurt,/p/21549531_EA
"Immune System, Probiotic Yogurt Drink, Strawberry Drinkable Yogurt, 8 Pack",$7.19 ,$7.19 ,"8x93.0 ml, $0.97/100ml",Yogurt,/p/21108459_EA
"Yogurt, Strawberry",$10.39 ,$10.39 ,"2 kg, $5.20/1ea",Yogurt,/p/20690267_EA
Plain Goat Milk Yogurt,$5.49 ,$5.49 ,"475 g, $1.16/100g",Yogurt,/p/21007998_EA
"Nano Drinkable Yogurt, Strawberry Raspberry ",$13.49 ,$13.49 ,"24x93.0 ml, $0.60/100ml",Yogurt,/p/20881477_EA
"High Protein Greek Yogurt, Vanilla Flavour, Blended, Value Tub",$7.19 ,$7.19 ,"650 g, $1.11/100g",Yogurt,/p/21305946_EA
"Extra Creamy Greek Yogurt, Key Lime, 9% M.F., Value Tub",$7.19 ,$7.19 ,"650 g, $1.11/100g",Yogurt,/p/21520304_EA
Yogourt Plain 2% M.F.,$2.99 ,$2.99 ,"750 g, $0.40/100g",Yogurt,20544362001_EA
Vanilla Kefir,$4.99 ,$4.99 ,"1000 ml, $0.50/100ml",Yogurt,/p/20939815_EA
Nano Yogurt Vanilla,$5.79 ,$5.79 ,"900 ml, $0.64/100ml",Yogurt,/p/21481056_EA
"Greek Yogurt, Pineapple Flavour, Fruit On The Bottom, 2% M.F.",$4.49 ,$4.49 ,"4x100.0 g, $1.12/100g",Yogurt,20642276001_EA
"Greek Yogurt, Variety Pack ",$12.49 ,$12.49 ,"1.6 kg, $0.78/100g",Yogurt,/p/21547516_EA
"Probiotics Yogurt, Yellow Apple/Apricot/Mango/Peach",$6.79 ,$6.79 ,"12x100.0 g, $0.57/100g",Yogurt,/p/20640892_EA
Original Flavoured Yogourt Peach Cobbler 6% M.F.,$3.49 ,$3.49 ,"625 g, $0.56/100g",Yogurt,/p/21520558_EA
"Kéfir, Strawberry",$6.99 ,$6.99 ,"1 l, $0.70/100ml",Yogurt,20710883003_EA
Creamy Fieldberry/Strawberry/Cherry/Peach 1.5% MF Yogurt,$6.47 ,$6.47 ,"16x100.0 g, $0.40/100g",Yogurt,20120316001_EA
0% M.F. Vanilla Skyr Yogurt,$6.79 ,$6.79 ,"908 g, $0.75/100g",Yogurt,/p/21347727_EA
Vanilla 2% M.F. Greek Yogurt,$3.99 ,$3.99 ,"4x100.0 g, $1.00/100g",Yogurt,/p/21348028_EA
Greek Lactose Free Vanilla 0% MF Yogurt,$6.99 ,$6.99 ,"750 g, $0.93/100g",Yogurt,/p/20801190_EA
Tubes Yogurt Mixed Berry Flavour 1% M.F.,$3.49 ,$3.49 ,"448 g, $0.78/100g",Yogurt,/p/21547587_EA
"Immune System, Probiotic Drinkable Yogurt, Peach, 8 Bottles",$7.19 ,$7.19 ,"8x93.0 ml, $0.97/100ml",Yogurt,/p/21429117_EA
Vanilla 0% M.F. Greek Yogurt,$3.99 ,$3.99 ,"4x100.0 g, $1.00/100g",Yogurt,20830628003_EA
Spiced Pear & Amaretto 2% Greek Yogurt Cups,$3.99 ,$3.99 ,"400 g, $1.00/100g",Yogurt,/p/21545662_EA
"Creamy Yogurt Variety Pack, Strawberry / Peach / Vanilla / Blueberry, 24 Pack",$9.99 ,$9.99 ,"24x100.0 g, $0.42/100g",Yogurt,/p/20123899_EA
Méditerranée Apple Pie 9%MF Yogurt,$4.49 ,$4.49 ,"500 g, $0.90/100g",Yogurt,/p/21473689_EA
London Fog 2% Greek Yogurt Cups,$3.99 ,$3.99 ,"400 g, $1.00/100g",Yogurt,/p/21545664_EA
1% Plain Stirred Yogurt,$4.49 ,$4.49 ,"1 kg, $0.45/100g",Yogurt,/p/20186720_EA
"2% MF Greek Yogurt, Vanilla, Club Size",$6.00 ,$6.00 ,"1 kg, $0.60/100g",Yogurt,/p/21520200_EA
"Fat Free Greek Yogurt, 30% Less Sugar, Peach Flavour, Blended",$4.49 ,$4.49 ,"4x100.0 g, $1.12/100g",Yogurt,/p/21076763_EA
Greek Plain 2% MF Yogurt,$8.99 ,$8.99 ,"1000 g, $0.90/100g",Yogurt,/p/21305350_EA
"Danino Vanilla Flavoured Drinkable Yogurt For Kids, 6 Bottles",$3.79 ,$3.79 ,"558 ml, $0.68/100ml",Yogurt,/p/21520257_EA
Balkan Style Yogurt Plain 11 % M.F. ,$5.99 ,$5.99 ,"500 g, $1.20/100g",Yogurt,/p/21399662_EA
Honey Greek Yogurt,$5.00 ,$5.00 ,"750 g, $0.67/100g",Yogurt,/p/21518157_EA
"Organic No Fat Yogurt, French Vanilla",$5.29 ,$5.29 ,"650 g, $0.81/100g",Yogurt,20316485003_EA
"Probiotic Smoothie, Blueberry Banana",$2.29 ,$2.29 ,"190 ml, $1.21/100ml",Yogurt,/p/21547648_EA
"Extra Creamy Greek Yogurt, Vanilla Bean & Apricot, 9% M.F., Value Tub",$7.19 ,$7.19 ,"650 g, $1.11/100g",Yogurt,/p/21305958_EA
Greek Vanilla 0% Lactose Free,$8.99 ,$8.99 ,"1000 g, $0.90/100g",Yogurt,/p/21473562_EA
Organic Kefir Vanilla,$11.29 ,$11.29 ,"2 l, $0.56/100ml",Yogurt,/p/21023161_EA
Creamy Stirred Yogurt Cups,$5.99 ,$5.99 ,"16x100.0 g, $0.37/100g",Yogurt,20699925002_EA
3.25% M.F. Dahi Yogurt,$2.79 ,$2.79 ,"750 g, $0.37/100g",Yogurt,/p/20959052_EA
"Greek Yogurt, Plain, No Added Sugar, 2% Mf, Value Tub",$7.19 ,$7.19 ,"750 g, $0.96/100g",Yogurt,/p/21006885_EA
"Lactose Free Yogurt, Strawberry 1.5%",$3.99 ,$3.99 ,"650 g, $0.61/100g",Yogurt,21043175003_EA
Classique Strawberry 2.9%%,$3.79 ,$3.79 ,"650 g, $0.58/100g",Yogurt,/p/21193642_EA
"Organic Yogurt, Plain 3.5%",$5.29 ,$5.29 ,"650 g, $0.81/100g",Yogurt,20316485005_EA
3.25% M.F. Dahi Yogurt,$2.79 ,$2.79 ,"750 g, $0.37/100g",Yogurt,/p/20959052_EA
"Greek Yogurt, Plain, No Added Sugar, 2% Mf, Value Tub",$7.19 ,$7.19 ,"750 g, $0.96/100g",Yogurt,/p/21006885_EA
"Lactose Free Yogurt, Strawberry 1.5%",$3.99 ,$3.99 ,"650 g, $0.61/100g",Yogurt,21043175003_EA
Classique Strawberry 2.9%%,$3.79 ,$3.79 ,"650 g, $0.58/100g",Yogurt,/p/21193642_EA
Original Flavoured Yogourt Peach Cobbler 6% M.F.,$3.49 ,$3.49 ,"625 g, $0.56/100g",Yogurt,/p/21520558_EA
"Greek Yogurt, Pineapple Flavour, Fruit On The Bottom, 2% M.F.",$4.49 ,$4.49 ,"4x100.0 g, $1.12/100g",Yogurt,20642276001_EA
Organic Kefir Vanilla,$11.29 ,$11.29 ,"2 l, $0.56/100ml",Yogurt,/p/21023161_EA
Drinkable Yogurt Strawberry-Raspberry 1.5% M.F.,$6.47 ,$6.99 ,"8x93.0 ml, $0.87/100ml",Yogurt,/p/21390088_EA
"Fat Free Greek Yogurt, Coconut Flavour, Blended, 0% M.F.",$4.49 ,$4.49 ,"4x100.0 g, $1.12/100g",Yogurt,20642276002_EA
Yogourt Orchard Peach 9 % M.F.,$4.99 ,$4.99 ,"4x100.0 g, $1.25/100g",Yogurt,/p/21389653_EA
"Danino Raspberry Flavoured Drinkable Yogurt, 6 Bottles",$3.79 ,$3.79 ,"558 ml, $0.68/100ml",Yogurt,/p/21520245_EA
Organic Greek Plain Yogurt  ,$6.49 ,$6.49 ,"650 g, $1.00/100g",Yogurt,/p/21363729_EA
Plain Stirred 1% M.f. Yogurt,$14.99 ,$14.99 ,"4 kg, $0.37/100g",Yogurt,/p/20044542_EA
"Almond Plant Based Yogurt, Plain, Unsweetened, Dairy-Free",$6.99 ,$6.99 ,"640 g, $1.09/100g",Yogurt,/p/21245214_EA
Méditerranée Plain 10% MF Yogurt Limited Edition,$6.99 ,$6.99 ,"900 g, $0.78/100g",Yogurt,/p/21305347_EA
Power Fruit Skyr Icelandic Style 0% M.F. Yogurt,$3.99 ,$3.99 ,"4x100.0 g, $1.00/100g",Yogurt,21002038003_EA
Greek Yogurt Cream Cappuchino  8%MF,$6.99 ,$6.99 ,"650 g, $1.08/100g",Yogurt,/p/21389658_EA
"Yogurt With Probiotics, Strawberry, Raspberry, Vanilla, Blueberry Flavour, 24XG",$10.69 ,$10.69 ,"24x100.0 g, $0.45/100g",Yogurt,/p/20000093_EA
"Extra Creamy Greek Yogurtemon Meringue Flavour, 4% Mf",$4.49 ,$4.49 ,"4x95.0 g, $1.18/100g",Yogurt,/p/20945864_EA
"Krema Greek Style Yogurt, Honey",$5.29 ,$5.29 ,"500 g, $1.06/100g",Yogurt,20588702005_EA
Greek Plain 0% MF Yogurt,$8.99 ,$8.99 ,"1000 g, $0.90/100g",Yogurt,/p/21305351_EA
"Greek Yogurt, Vanilla Flavour, 2% M.F., Value Tub",$11.99 ,$11.99 ,"1.5 kg, $0.80/100g",Yogurt,/p/21520280_EA
Greek Grk Ex Crm Str/Ban 5%,$6.99 ,$6.99 ,"650 g, $1.08/100g",Yogurt,/p/21353476_EA
Tubes Yogurt Vanilla Flavour 1% M.F.,$3.49 ,$3.49 ,"448 g, $0.78/100g",Yogurt,/p/21547571_EA
Blueberry Greek Yogurt,$5.00 ,$5.00 ,"750 g, $0.67/100g",Yogurt,/p/21518310_EA
"Original Yogurt, Cherry 6%",$3.49 ,$3.49 ,"650 g, $0.54/100g",Yogurt,/p/20944286_EA
"Plant Based Cultured Coconut Milk Yogurt Alternative, Plain",$4.29 ,$4.29 ,"500 g, $0.86/100g",Yogurt,/p/21085135_EA
Source Strawberry 0% MF,$3.49 ,$3.49 ,"630 g, $0.55/100g",Yogurt,21391318006_EA
Strawberry Kefir Probiotic Fermented 1% M.F. Milk,$4.99 ,$4.99 ,"1 l, $0.50/100ml",Yogurt,20840914002_EA
"Immune System, Probiotic Drinkable Yogurt, Strawberry Banana, 8X",$7.19 ,$7.19 ,"8x93.0 ml, $0.97/100ml",Yogurt,/p/21430512_EA
Yogourt Plain Large Size 5 % M.F.,$8.99 ,$8.99 ,"900 g, $1.00/100g",Yogurt,/p/21353433_EA
"Drinkable Yogurt, Strawberry Banana Flavour, Made With Real Fruit, 2% M.F.",$1.29 ,$1.29 ,"190 ml, $0.68/100ml",Yogurt,/p/21349123_EA
"Organic Kefir, Plain",$11.29 ,$11.29 ,"2 l, $0.56/100ml",Yogurt,/p/20943078_EA
No Fat Yogurt-Plain,$12.99 ,$12.99 ,"1.75 kg, $0.74/100g",Yogurt,20588444002_EA
"Yogurt With Probiotics Lactose Free, Vanilla, Strawberry, Raspberry, Cherry Flavour",$6.79 ,$6.79 ,"12x100.0 g, $0.57/100g",Yogurt,/p/20944744_EA
"Oat Yogurt Style, Plainluten Free, Vegan",$6.99 ,$6.99 ,"640 g, $1.09/100g",Yogurt,/p/21365840_EA
"Yogurt With Probiotics, Strawberry Flavour",$6.79 ,$6.79 ,"12x100.0 g, $0.57/100g",Yogurt,20303412003_EA
Tre Stelle Organic Cream Cheese Spread,$4.69 ,$4.69 ,"200 g, $2.35/100g",Yogurt,/p/20016786_EA
"Fat Free Organic Yogurt, Plain",$5.29 ,$5.29 ,"650 g, $0.81/100g",Yogurt,20316485002_EA
Minigo  3% MF Duo Fresh Cheese Raspberry-Peach/Peach-Vanilla/Vanilla-Raspberry,$3.49 ,$3.49 ,"6x60.0 g, $0.97/100g",Yogurt,20321615002_EA
Black Cherry Stirred 1% M.F. Yogurt,$2.79 ,$2.79 ,"650 g, $0.43/100g",Yogurt,20338702002_EA
"Extra Creamy Greek Yogurt, Blueberry, Blended, 9% M.F.",$7.19 ,$7.19 ,"650 g, $1.11/100g",Yogurt,/p/21305953_EA
Greek Lactose Free Plain 0% MF Yogurt,$6.99 ,$6.99 ,"750 g, $0.93/100g",Yogurt,/p/20750225_EA
Greek Lemon 2% MF Yogurt,$4.99 ,$4.99 ,"4x100.0 g, $1.25/100g",Yogurt,20604024002_EA
Yogurt Wild Blueberry 9 % M.F.,$4.99 ,$4.99 ,"4x100.0 g, $1.25/100g",Yogurt,/p/21389654_EA
Original Flavoured Yogourt Mango Vanilla Cream 6% M.F.,$3.49 ,$3.49 ,"625 g, $0.56/100g",Yogurt,/p/21520655_EA
"1.5% Lactose Free Cherry, Lemon, Vanilla, Blackberry-Blueberry Yogurt",$7.79 ,$7.79 ,"16x100.0 g, $0.49/100g",Yogurt,/p/21207564_EA
Plain Kefir Probiotic Fermented 1% M.F. Milk,$4.99 ,$4.99 ,"1 l, $0.50/100ml",Yogurt,20840914003_EA
"Oat Yogurt Style, Plainluten Free, Vegan",$6.99 ,$6.99 ,"640 g, $1.09/100g",Yogurt,/p/21365840_EA
Yogourt Plain Large Size 5 % M.F.,$8.99 ,$8.99 ,"900 g, $1.00/100g",Yogurt,/p/21353433_EA
Méditerranée Plain 10% MF Yogurt Limited Edition,$6.99 ,$6.99 ,"900 g, $0.78/100g",Yogurt,/p/21305347_EA
"Plant Based Cultured Coconut Milk Yogurt Alternative, Plain",$4.29 ,$4.29 ,"500 g, $0.86/100g",Yogurt,/p/21085135_EA
"Original Yogurt, Cherry 6%",$3.49 ,$3.49 ,"650 g, $0.54/100g",Yogurt,/p/20944286_EA
"Drinkable Yogurt, Strawberry Banana Flavour, Made With Real Fruit, 2% M.F.",$1.29 ,$1.29 ,"190 ml, $0.68/100ml",Yogurt,/p/21349123_EA
"Organic Kefir, Plain",$11.29 ,$11.29 ,"2 l, $0.56/100ml",Yogurt,/p/20943078_EA
No Fat Yogurt-Plain,$12.99 ,$12.99 ,"1.75 kg, $0.74/100g",Yogurt,20588444002_EA
"Yogurt With Probiotics, Strawberry Flavour",$6.79 ,$6.79 ,"12x100.0 g, $0.57/100g",Yogurt,20303412003_EA
Plant Based Kefir Probiotic Fermented Coconut Milk,$4.99 ,$4.99 ,"1 l, $0.50/100ml",Yogurt,/p/21060953_EA
Tre Stelle Organic Cream Cheese Spread,$4.69 ,$4.69 ,"200 g, $2.35/100g",Yogurt,/p/20016786_EA
Plain Yogurt M.F. 3.6%,$5.99 ,$6.29 ,"750 g, $0.80/100g",Yogurt,/p/21353865_EA
Simple Ingredient Skyr Black Cherry 2% M.F.,$5.99 ,$6.29 ,"650 g, $0.92/100g",Yogurt,/p/21433669_EA
Classique Class Plain 0% MF Yogurt,$3.79 ,$3.79 ,"650 g, $0.58/100g",Yogurt,/p/21193661_EA
"Organic Cultured Coconut Milk Plain, Unsweetened",$5.79 ,$5.79 ,"680 g, $0.85/100g",Yogurt,/p/21191163_EA
Maple Syrup 2% M.F. Greek Yogurt,$4.49 ,$4.49 ,"4x100.0 g, $1.12/100g",Yogurt,/p/21430903_EA
Greek Vanilla 2% MF Yogurt,$6.99 ,$6.99 ,"750 g, $0.93/100g",Yogurt,20704361002_EA
"Fat Free Yogurt With Probiotics, Vanilla/Strawberry/Peach/Raspberry, 0% M.F.",$6.79 ,$6.79 ,"12x100.0 g, $0.57/100g",Yogurt,20303412002_EA
"Kéfir, Blueberry",$6.99 ,$6.99 ,"1 l, $0.70/100ml",Yogurt,20710883001_EA
Greek Yogurt Apple Pie Special Edition 5 % M.F.,$6.99 ,$6.99 ,"650 g, $1.08/100g",Yogurt,/p/21547533_EA
Kéfir 1% MF Mango,$5.49 ,$5.49 ,"1000 ml, $0.55/100ml",Yogurt,/p/21216411_EA
Raspberry Pomegranate 1.5 % M.F. Drinkable Yogourt,$5.79 ,$5.79 ,"1 l, $0.58/100ml",Yogurt,/p/21431294_EA
"High Protein Greek Yogurt, Strawberry-Raspberry Flavour, Blended, Value Tub",$7.19 ,$7.19 ,"650 g, $1.11/100g",Yogurt,/p/21216464_EA
Strawberry Banana Yogurt,$6.47 ,$6.99 ,"8x93.0 ml, $0.87/100ml",Yogurt,/p/21390111_EA
"Extra Creamy Greek Yogurt, Black Cherry, Fruit On The Bottom, 9% M.F.",$4.49 ,$4.49 ,"4x95.0 g, $1.18/100g",Yogurt,/p/21349092_EA
Greek 5% M.F Plain Yogourt,$6.99 ,$6.99 ,"650 g, $1.08/100g",Yogurt,/p/21353457_EA
"Yogurt With Probiotics, Mango Flavour Tub",$3.79 ,$3.79 ,"650 g, $0.58/100g",Yogurt,/p/21429094_EA
Lactose Free Plain Greek Yogurt,$5.00 ,$5.00 ,"750 g, $0.67/100g",Yogurt,/p/21518491_EA
2% M.F. Dahi Yogurt,$2.79 ,$2.79 ,"750 g, $0.37/100g",Yogurt,/p/20958145_EA
"Probiotic Yogurt, Mixed Berries, Drinkable Yogurt, 8 Pack",$7.19 ,$7.19 ,"8x93.0 ml, $0.97/100ml",Yogurt,/p/21108458_EA
Nanö 1% Lactose Free Apple-Grape Drinkable Yogurt,$4.37 ,$4.37 ,"6x93.0 ml, $0.78/100ml",Yogurt,/p/21349902_EA
Minigo 3% MF Duo Fresh Cheese Strawberry-Banana/Blueberry-Strawberry/Banana-Blueberry,$3.49 ,$3.49 ,"6x60.0 g, $0.97/100g",Yogurt,20321615001_EA
Vanilla Greek Yogurt Club Size ,$6.00 ,$6.00 ,"1 kg, $0.60/100g",Yogurt,/p/21518403_EA
Berries & Cherries Skyr Icelandic Style 0% M.F. Yogurt,$4.69 ,$4.69 ,"500 g, $0.94/100g",Yogurt,/p/20941019_EA
"Yogurt, Vanilla 1.5%",$10.39 ,$10.39 ,"2 kg, $0.52/100g",Yogurt,/p/20636092_EA
"Lactose Free Greek Yogurt, Plain, Fat Free, No Added Sugar, 0% M.F.",$7.19 ,$7.19 ,"750 g, $0.96/100g",Yogurt,/p/21107644_EA
"Organic Yogurt, Strawberry",$5.29 ,$5.29 ,"650 g, $0.81/100g",Yogurt,20316485004_EA
Source Fieldberry Yogurt 0% MF,$3.49 ,$3.49 ,"630 g, $0.55/100g",Yogurt,21391318003_EA
Greek Vanilla Large Size 0 % M.F. Yogourt,$8.99 ,$8.99 ,"1 kg, $0.90/100g",Yogurt,/p/21430952_EA
"Yogurt With Probiotics, Stawberry Raspberry Flavour",$5.29 ,$5.29 ,"8x100.0 g, $0.66/100g",Yogurt,20324741002_EA
Tubes Yogurt Bubble Gum Flavour Special Édition 1% M.F.,$3.49 ,$3.49 ,"448 g, $0.78/100g",Yogurt,/p/21547585_EA
0% M.F. Plain Skyr Yogurt,$6.79 ,$6.79 ,"908 g, $0.75/100g",Yogurt,/p/21347741_EA
"Fat Free Greek Yogurt, Vanilla Flavour, Blended, 0% M.F.",$7.19 ,$7.19 ,"750 g, $0.96/100g",Yogurt,/p/21006667_EA
Krema Plain 0.11    ,$14.99 ,$14.99 ,"1.75 kg, $0.86/100g",Yogurt,/p/21293275_EA
Vanilla Greek Yogurt,$5.00 ,$5.00 ,"650 g, $0.77/100g",Yogurt,/p/21518036_EA
"Greek Yogurt, Plain",$5.29 ,$5.29 ,"650 g, $0.81/100g",Yogurt,20588372002_EA
"Yogurt With Probiotics, Fat Free 0% Mf, Vanilla Flavour",$3.79 ,$3.79 ,"650 g, $0.58/100g",Yogurt,20325132006_EA
"Extra Creamy Greek Yogurt, Cappuccino On The Bottom, 9% M.F.",$4.49 ,$4.49 ,"4x95.0 g, $1.18/100g",Yogurt,/p/21348922_EA
"Drinkable Yogurt, Strawberry, Made With Real Fruit, 2% M.F.",$1.29 ,$1.29 ,"190 ml, $0.68/100ml",Yogurt,/p/21349097_EA
Yogourt Black Cherry 9 % M.F.,$4.99 ,$4.99 ,"4x100.0 g, $1.25/100g",Yogurt,/p/21389655_EA
Greek Coconut 2% MF Yogurt,$6.99 ,$6.99 ,"750 g, $0.93/100g",Yogurt,/p/20790440_EA
Strawberry Skyr Icelandic Style 0% M.F. Yogurt,$3.99 ,$3.99 ,"4x100.0 g, $1.00/100g",Yogurt,21002038002_EA
"Probiotic Yogurt, Blackberry, Blueberry, Blackcurrent, Berries, 12XG",$6.79 ,$6.79 ,"12x100.0 g, $0.57/100g",Yogurt,/p/21005577_EA
"Greek Yogurt, Plain 2%",$13.49 ,$13.49 ,"1.75 kg, $0.77/100g",Yogurt,/p/21049253_EA
Organics Stirred Yogurt Plain 10 % M.F. ,$5.99 ,$5.99 ,"500 g, $1.20/100g",Yogurt,/p/21399682_EA
"Fat Free Greek Yogurt, Strawberry Flavour, Blended, 0% M.F.",$7.19 ,$7.19 ,"750 g, $0.96/100g",Yogurt,/p/21348468_EA
Méditerranée Coconut 9% MF Yogurt,$4.49 ,$4.49 ,"500 g, $0.90/100g",Yogurt,20788062002_EA
Lactose Free Mango,$1.29 ,$1.29 ,"200 ml, $0.65/100ml",Yogurt,/p/21474080_EA
Greek Vanilla 0% MF Yogurt,$6.99 ,$6.99 ,"750 g, $0.93/100g",Yogurt,/p/21079491_EA
Plant-Based Probiotic Yogurt Vanilla,$4.69 ,$4.69 ,"380 g, $1.23/100g",Yogurt,/p/21522156_EA
"Extra Creamy Greek Yogurt, Extra Creamy Plain 11%",$7.19 ,$7.19 ,"750 g, $0.96/100g",Yogurt,/p/21216451_EA
"Greek Yogurt, Plain, No Added Sugar, 2% M.F., 4 Pack",$4.49 ,$4.49 ,"4x100.0 g, $1.12/100g",Yogurt,20903842003_EA
Peach Mango 2% M.F. Greek Yogurt,$3.99 ,$3.99 ,"4x100.0 g, $1.00/100g",Yogurt,/p/21053734_EA
Black Cherry Greek Yogurt,$5.00 ,$5.00 ,"750 g, $0.67/100g",Yogurt,/p/21518311_EA
"Extra Creamy Greek Yogurt, Vanilla, Blended, 9% M.F.",$7.19 ,$7.19 ,"650 g, $1.11/100g",Yogurt,/p/21520299_EA
Creamy Raspberry/Blueberry/Fieldberry/Strawberry 1.5% MF Yogurt ,$6.47 ,$6.47 ,"16x100.0 g, $0.40/100g",Yogurt,20120316002_EA
Oat Based Vegan Delight Peach,$6.49 ,$6.49 ,"500 g, $1.30/100g",Yogurt,/p/21497500_EA
"Organic Yogurt, Plain 2%",$5.29 ,$5.29 ,"650 g, $0.81/100g",Yogurt,20316485010_EA
Coconut Milk Vegan Yogurt - Mango And Passion Fruit,$6.49 ,$6.49 ,"500 g, $1.30/100g",Yogurt,/p/21201523_EA
"Organic Yogurt, French Vanilla",$5.29 ,$5.29 ,"650 g, $0.81/100g",Yogurt,20316485006_EA
Coffee Creamy Skyr 3.25% M.F.,$5.99 ,$6.29 ,"650 g, $0.92/100g",Yogurt,/p/21433958_EA
Greek Blueberry 0% MF Yogurt,$6.99 ,$6.99 ,"750 g, $0.93/100g",Yogurt,/p/21473814_EA
Nanö Drinkable Yogurt Strawberry 1 % M.F.,$5.79 ,$5.79 ,"900 ml, $0.64/100ml",Yogurt,/p/21481057_EA
Stirred Yogurts 0 % M.F.,$4.79 ,$4.79 ,"12x100.0 g, $0.40/100g",Yogurt,20685574001_EA
"Kéfir, Plain",$6.99 ,$6.99 ,"1 l, $0.70/100ml",Yogurt,20710883002_EA
"Stirred Yogurt, Peach",$2.79 ,$2.79 ,"650 g, $0.43/100g",Yogurt,20338702003_EA
"Dairy-Free Sour Cream, Plant-Based",$4.99 ,$4.99 ,"340 g, $1.47/100g",Yogurt,/p/21498931_EA
Blueberry Fruit On The Bottom 0% M.F. Greek Yogurt,$3.99 ,$3.99 ,"4x100.0 g, $1.00/100g",Yogurt,20830628002_EA
"Danino Strawberry Flavoured Drinkable Yogurt, 6 Bottles",$3.79 ,$3.79 ,"6x93.0 ml, $4.08/100ml",Yogurt,/p/21520253_EA
Greek Lactose Free Yogurt Plain,$8.99 ,$8.99 ,"1000 g, $0.90/100g",Yogurt,/p/21473605_EA
"Plant Based Cultured Coconut Milk Yogurt Alternative, Vanilla",$4.29 ,$4.29 ,"500 g, $0.86/100g",Yogurt,/p/21085141_EA
Organic Greek Vanilla Yogurt  ,$6.49 ,$6.49 ,"650 g, $1.00/100g",Yogurt,/p/21363576_EA
Greek Vanilla 3% MF Yogurt,$6.99 ,$6.99 ,"750 g, $0.93/100g",Yogurt,/p/21193449_EA
Blueberry Stirred 1% M.F. Yogurt,$2.79 ,$2.79 ,"650 g, $0.43/100g",Yogurt,/p/20337243_EA
"Vanilla, Blueberry, Strawberry & Raspberry 0% M.F. Stirred Yogurt",$4.79 ,$4.79 ,"12x100.0 g, $0.40/100g",Yogurt,20685574002_EA
"Original Yogurt, Banana Cream 6%",$3.49 ,$3.49 ,"650 g, $0.54/100g",Yogurt,/p/20943890_EA
"Probiotic Yogurt, 4X Blueberry, 4X Strawberry & Rhubarb, 8 Pack",$5.29 ,$5.29 ,"8x100.0 g, $0.66/100g",Yogurt,20322561003_EA
Greek Yogurt Plain Flavour 2% ,$5.00 ,$5.00 ,"750 g, $0.67/100g",Yogurt,/p/21518407_EA
"Lactose Free Yogurt, Vanilla 1.5%",$3.99 ,$3.99 ,"650 g, $0.61/100g",Yogurt,21043175002_EA
"0% Strawberry, Raspberry, Blueberry, Cherry Yogurt",$7.79 ,$7.79 ,"16x100.0 g, $0.49/100g",Yogurt,20606778001_EA
"Probiotic Yogurt, Raspberry/Apple/Blackberry/Strawberry Flavour, 12XG",$6.79 ,$6.79 ,"12x100.0 g, $0.57/100g",Yogurt,/p/20608924_EA
Tubes Yogurt Cotton Candy Flavour 1% M.F.,$3.49 ,$3.49 ,"448 g, $0.78/100g",Yogurt,/p/21547624_EA
Greek Yogurt Cream Berry 8% MF,$6.99 ,$6.99 ,"650 g, $1.08/100g",Yogurt,/p/21389657_EA
"Greek Yogurt, Vanilla 2%",$13.49 ,$13.49 ,"1.75 kg, $0.77/100g",Yogurt,/p/21049391_EA
Creamy Duo Raspberry-Vanilla/Blueberry-Vanilla/Mango-Vanilla/Strawberry-Vanilla 1.5% <MF Yogurt,$6.47 ,$6.47 ,"16x100.0 g, $0.40/100g",Yogurt,20120316004_EA
Tubes Yogurt 1% M.F.,$3.49 ,$3.49 ,"448 g, $0.78/100g",Yogurt,/p/21547607_EA
Nanö Drinkable Yogurt Strawberry 1 % M.F.,$5.79 ,$5.79 ,"900 ml, $0.64/100ml",Yogurt,/p/21481057_EA
"Vanilla, Blueberry, Strawberry & Raspberry 0% M.F. Stirred Yogurt",$4.79 ,$4.79 ,"12x100.0 g, $0.40/100g",Yogurt,20685574002_EA
"Original Yogurt, Banana Cream 6%",$3.49 ,$3.49 ,"650 g, $0.54/100g",Yogurt,/p/20943890_EA
"Probiotic Yogurt, 4X Blueberry, 4X Strawberry & Rhubarb, 8 Pack",$5.29 ,$5.29 ,"8x100.0 g, $0.66/100g",Yogurt,20322561003_EA
Greek Yogurt Plain Flavour 2% ,$5.00 ,$5.00 ,"750 g, $0.67/100g",Yogurt,/p/21518407_EA
"Lactose Free Yogurt, Vanilla 1.5%",$3.99 ,$3.99 ,"650 g, $0.61/100g",Yogurt,21043175002_EA
"0% Strawberry, Raspberry, Blueberry, Cherry Yogurt",$7.79 ,$7.79 ,"16x100.0 g, $0.49/100g",Yogurt,20606778001_EA
Blueberry Stirred 1% M.F. Yogurt,$2.79 ,$2.79 ,"650 g, $0.43/100g",Yogurt,/p/20337243_EA
Organic Skyr Yogurt 0% Mf Plain,$5.99 ,$5.99 ,"500 g, $1.20/100g",Yogurt,/p/21170510_EA
"Dairy Free Plant Based Almond Yogurt, Vanilla Flavour",$6.99 ,$6.99 ,"640 g, $1.09/100g",Yogurt,/p/21196118_EA
Organic Greek Vanilla Yogurt  ,$6.49 ,$6.49 ,"650 g, $1.00/100g",Yogurt,/p/21363576_EA
"Probiotic Yogurt, Raspberry/Apple/Blackberry/Strawberry Flavour, 12XG",$6.79 ,$6.79 ,"12x100.0 g, $0.57/100g",Yogurt,/p/20608924_EA
Tubes Yogurt Cotton Candy Flavour 1% M.F.,$3.49 ,$3.49 ,"448 g, $0.78/100g",Yogurt,/p/21547624_EA
Organic 14% M.F. Sour Cream,$5.49 ,$5.49 ,"500 g, $1.10/100g",Yogurt,/p/21021374_EA
Alternative Sour Cream,$10.99 ,$10.99 ,"473 ml, $2.32/100ml",Yogurt,/p/21360763_EA
Greek Vanilla 3% MF Yogurt,$6.99 ,$6.99 ,"750 g, $0.93/100g",Yogurt,/p/21193449_EA
"Yogurt Duo, Pineapple-Coconut-Banana, Raspberry, Orange-Mandarin, Peach-Mango",$7.79 ,$7.79 ,"16x100.0 g, $0.49/100g",Yogurt,20609583003_EA
Balkan Style Yogurt Plain 6% M.F. ,$5.49 ,$5.49 ,"500 g, $1.10/100g",Yogurt,/p/21399676_EA
"Original Balkan Style Yogurt, Cappuccino",$3.49 ,$3.49 ,"650 g, $0.54/100g",Yogurt,20431607002_EA
Méditerranée Yogourt Key Lime Pie 9 % M.F.,$4.49 ,$4.49 ,"500 g, $0.90/100g",Yogurt,/p/21547564_EA
Strawberry Banana 1.5 % M.F. Drinkable Yogourt,$5.79 ,$5.79 ,"1 l, $0.58/100ml",Yogurt,/p/21431052_EA
Plain 3% M.F. Yogurt,$3.49 ,$3.49 ,"750 g, $0.47/100g",Yogurt,20180775002_EA
"Yogurt With Probiotics & Fibre, 3X Vanilla, 3X Blueberry, 3X Peach, 3X Strawberry Kiwi,",$6.79 ,$6.79 ,"12x100.0 g, $0.57/100g",Yogurt,20340471001_EA
Plain 1% M.F. Yogurt,$3.49 ,$3.49 ,"750 g, $0.47/100g",Yogurt,20180775001_EA
Greek Raspberry 5% MF Yogurt,$4.99 ,$4.99 ,"4x100.0 g, $1.25/100g",Yogurt,20801752001_EA
"Probiotic Yogurt, Blueberry/Vanilla",$6.79 ,$6.79 ,"12x100.0 g, $0.57/100g",Yogurt,20303412004_EA
Lactose Free Strawberry/Raspberry Drinkable Yogurt,$1.29 ,$1.29 ,"200 ml, $0.65/100ml",Yogurt,/p/21478479_EA
Sour Cream Organic 14% M.F. ,$5.79 ,$5.79 ,"500 ml, $1.16/100ml",Yogurt,/p/21306225_EA
Greek Yogourt Pineapple 2 % M.F.,$6.99 ,$6.99 ,"650 g, $1.08/100g",Yogurt,/p/21520275_EA
Key Lime 2% M.F. Greek Yogurt ,$3.99 ,$3.99 ,"4x100.0 g, $1.00/100g",Yogurt,/p/21347999_EA
Source Cherry Yogurt 0% MF,$3.49 ,$3.49 ,"630 g, $0.55/100g",Yogurt,21391318002_EA
"Greek Yogurt, Strawberry Raspberry, Fruit On The Bottom, 2% M.F.",$4.49 ,$4.49 ,"4x100.0 g, $1.12/100g",Yogurt,/p/21430727_EA
"Organic Kefir, Strawberry",$11.29 ,$11.29 ,"2 l, $0.56/100ml",Yogurt,/p/20943103_EA
Passion Fruit Guava Greek Yogurt,$5.00 ,$5.00 ,"650 g, $0.77/100g",Yogurt,/p/21545655_EA
Méditerranée Raspbery Cheesecake 9%MF Yogurt,$4.49 ,$4.49 ,"500 g, $0.90/100g",Yogurt,/p/21473714_EA
Banana 2% M.F. Greek Yogurt,$3.99 ,$3.99 ,"4x100.0 g, $1.00/100g",Yogurt,/p/21347778_EA
"Biobest Probiotic Yogurt, Plain",$3.49 ,$3.49 ,"750 g, $0.47/100g",Yogurt,/p/20143263_EA
Source Peach Yogurt 0% MF,$3.49 ,$3.49 ,"630 g, $0.55/100g",Yogurt,21391318004_EA
Vanilla Skyr Icelandic Style 4% M.F. Yogurt,$4.69 ,$4.69 ,"500 g, $0.94/100g",Yogurt,/p/21032812_EA
"Drinkable Greek Yogurt With Field Berries, Oats, & Seeds, 9G Protein",$2.29 ,$2.29 ,"190 ml, $1.21/100ml",Yogurt,/p/21396076_EA
"Organic Yogurt, Blueberry",$5.29 ,$5.29 ,"650 g, $0.81/100g",Yogurt,20316485007_EA
Plain Skyr Icelandic Style 0% M.F. Yogurt,$4.69 ,$4.69 ,"500 g, $0.94/100g",Yogurt,/p/20941014_EA
Raspberry Pomegranate 2% M.F. Greek Yogurt,$3.99 ,$3.99 ,"4x100.0 g, $1.00/100g",Yogurt,/p/21054024_EA
"Organic Cultured Coconut Milk Yogurt, Alternative Vanilla",$5.79 ,$5.79 ,"680 g, $0.85/100g",Yogurt,/p/21191196_EA
Halal Plain Yogurt 3% MF,$2.99 ,$2.99 ,"750 g, $0.40/100g",Yogurt,/p/20343515_EA
"Greek Yogurt, Variety Pack, Raspberry-Pomegranate / Key Lime / Vanilla / Strawberry Banana, Blended 2% M.F.",$10.99 ,$10.99 ,"12x100.0 g, $0.92/100g",Yogurt,/p/21396062_EA
Dahi,$2.99 ,$2.99 ,"750 g, $0.40/100g",Yogurt,/p/20133591_EA
"Plant Based Dairy Free Coconut Yogurt, Vanilla Flavour, 4 pack",$4.69 ,$4.69 ,"100 g, $4.69/100g",Yogurt,/p/21445872_EA
Plain Greek Yogurt,$5.00 ,$5.00 ,"650 g, $0.77/100g",Yogurt,/p/21545633_EA
"0% M.F. Greek Yogurt, Coconut",$5.00 ,$5.00 ,"750 g, $0.67/100g",Yogurt,/p/21518313_EA
Méditerranée Black Cherry 9% MF Yogurt,$4.49 ,$4.49 ,"500 g, $0.90/100g",Yogurt,20788062001_EA
Strawberry 0% M.F. Greek Yogurt ,$3.99 ,$3.99 ,"4x100.0 g, $1.00/100g",Yogurt,20830628001_EA
"Greek Yogurt, Plain, No Added Sugar, 2% MF",$11.99 ,$11.99 ,"1.5 kg, $0.80/100g",Yogurt,/p/21477261_EA
"Krema Greek Style Yogurt, Caffé Latt‚",$5.29 ,$5.29 ,"500 g, $1.06/100g",Yogurt,20588702002_EA
Minigo 3% MF  Fresh Cheese Blueberry/Strawberry/Vanilla ,$3.49 ,$3.49 ,"6x60.0 g, $0.97/100g",Yogurt,20275868002_EA
"High Protein Greek Yogurt, Zesty Lemon & Lime Flavour, Blended, Value Tub",$7.19 ,$7.19 ,"650 g, $1.11/100g",Yogurt,/p/21216463_EA
"Immune System, Raspberry Probiotic Yogurt Drink. Lactose Free, 8 Pack",$7.19 ,$7.19 ,"8x93.0 ml, $0.97/100ml",Yogurt,/p/21162928_EA
"Yogurt With Probiotics Lactose Free, Strawberry, Blueberry, Peach, Mango Flavour, 12XG",$6.79 ,$6.79 ,"12x100.0 g, $0.57/100g",Yogurt,/p/20944778_EA
"Greek Yogurt, Variety Pack, 6X Strawberry, 6X Vanilla, Blended, 2% M.F.",$10.99 ,$10.99 ,"12x100.0 g, $0.92/100g",Yogurt,/p/21396307_EA
Greek Yogourt Black Cherry Raspberry 2% M.F.,$6.99 ,$6.99 ,"650 g, $1.08/100g",Yogurt,/p/21520309_EA
"Drinkable Greek Yogurt With Banana, Oats, & Seeds, 9G Protein",$2.29 ,$2.29 ,"190 ml, $1.21/100ml",Yogurt,/p/21401296_EA
"Oat Yogurt Style, Vegan, Dairy-Free, Vanilla",$6.99 ,$6.99 ,"640 g, $1.09/100g",Yogurt,/p/21365868_EA
Organic Plain Kefir Probiotic Fermented 1% M.F. Milk,$6.49 ,$6.49 ,"1 l, $0.65/100ml",Yogurt,/p/20944278_EA
"Vegan Yogurt, Plain Coconut",$6.49 ,$6.49 ,"650 g, $1.00/100g",Yogurt,/p/21184634_EA
"Organic Probiotic Yogurt, Coconut",$5.29 ,$5.29 ,"650 g, $0.81/100g",Yogurt,20638003002_EA
"Yogurt, Vanilla Cinnamon 3.25% M.F. Creamy Skyr",$5.99 ,$6.29 ,"650 g, $0.92/100g",Yogurt,/p/21433733_EA
"Greek Yogurt, Blackberry Flavour, Fruit On The Bottom",$4.49 ,$4.49 ,"4x100.0 g, $1.12/100g",Yogurt,21042954003_EA
"Greek Yogurt Limited Edition, Pink Lemonade Flavour, 4X100G",$4.49 ,$4.49 ,"4x100.0 g, $1.12/100g",Yogurt,20903842002_EA
Greek Black Cherry 2% MF Yogurt ,$4.99 ,$4.99 ,"4x100.0 g, $1.25/100g",Yogurt,20604024001_EA
"Fat Free Greek Yogurt, 30% Less Sugar, Vanilla Flavour, Blended",$4.49 ,$4.49 ,"4x100.0 g, $1.12/100g",Yogurt,/p/21078965_EA
"Tubes Zoo, Strawberry",$3.49 ,$3.49 ,"448 g, $0.78/100g",Yogurt,/p/21547595_EA
Greek Vanilla Large Size 2 % M.F. Yogourt,$8.99 ,$8.99 ,"1 kg, $0.90/100g",Yogurt,/p/21430923_EA
"Probiotic Yogurt, Strawberry/Wildberry/Mango Flavour",$6.79 ,$6.79 ,"12x100.0 g, $0.57/100g",Yogurt,/p/21043168_EA
"Probiotic Smoothie, Mango, Peach & Carrot, Drinkable Yogurt",$2.29 ,$2.29 ,"190 ml, $1.21/100ml",Yogurt,/p/21348601_EA
"Plant Based Dairy Free Coconut Yogurt, Strawberry Raspberry Flavour, 4 pack",$4.69 ,$4.69 ,"100 g, $4.69/100g",Yogurt,/p/21445884_EA
Creamy Naturally Flavoured Stirred Yogurt Cups,$5.99 ,$5.99 ,"16x100.0 g, $0.37/100g",Yogurt,20699925001_EA
"Krema Greek Style Yogurt, Strawberry",$5.29 ,$5.29 ,"500 g, $1.06/100g",Yogurt,20588702004_EA
"Yogurt With Probiotics, Plain 3.2% M/F.",$3.79 ,$3.79 ,"650 g, $0.58/100g",Yogurt,21043151001_EA
Creamy Vanilla 1.5% M.F. Yogurt Lactose Free,$10.39 ,$10.39 ,"2 kg, $0.52/100g",Yogurt,/p/21433581_EA
Vanilla 2.9% MF Yogurt,$3.79 ,$3.79 ,"650 g, $0.58/100g",Yogurt,/p/21193614_EA
Plain Skyr Icelandic Style 4% M.F. Yogurt,$4.69 ,$4.69 ,"500 g, $0.94/100g",Yogurt,/p/21032618_EA
Méditerranée Yogourt Mango 9 % M.F.,$4.49 ,$4.49 ,"500 g, $0.90/100g",Yogurt,/p/21547567_EA
Kéfir 1% MF Plain,$5.49 ,$5.49 ,"1000 ml, $0.55/100ml",Yogurt,/p/21216416_EA
Source Blueberry/Strawberry/Blackberry/Nectarine  0% MF Yogurt,$6.47 ,$6.47 ,"16x100.0 g, $0.40/100g",Yogurt,20317317002_EA
Vanilla Skyr Icelandic Style 0% M.F. Yogurt,$4.69 ,$4.69 ,"500 g, $0.94/100g",Yogurt,/p/20941009_EA
2.5% Heart of Fruit Strawberry-Peach-Vanilla and Raspberry-Lemon-Vanilla Yogurt,$7.79 ,$7.79 ,"16x95.0 g, $0.51/100g",Yogurt,/p/21207563_EA
"Yogurt With Probiotics, Lemon & Pineapple Flavour",$5.29 ,$5.29 ,"8x100.0 g, $0.66/100g",Yogurt,20325384005_EA
Kéfir 1% MF Strawberry,$5.49 ,$5.49 ,"1000 ml, $0.55/100ml",Yogurt,/p/21216409_EA
Plain Greek Yogurt 5%,$5.00 ,$5.00 ,"650 g, $0.77/100g",Yogurt,/p/21518093_EA
1% Nano Cherry Drinkable Yogurt,$4.37 ,$4.37 ,"6x93.0 ml, $0.78/100ml",Yogurt,/p/21207561_EA
"Fat Free Yogurt, Strawberry, Blueberry, Peach, Vanilla",$7.79 ,$7.79 ,"16x100.0 g, $0.49/100g",Yogurt,20606778002_EA
Yop Drinkable Yogurt 1 % M.F.,$10.99 ,$10.99 ,"2400 ml, $0.46/100ml",Yogurt,/p/21550408_EA
Tubes Yogurt Raspberry Flavour 1% M.F.,$3.49 ,$3.49 ,"448 g, $0.78/100g",Yogurt,/p/21547597_EA
Vanilla Large Size 9 % M.F. Yogourt,$6.99 ,$6.99 ,"900 g, $0.78/100g",Yogurt,/p/21430950_EA
Grk Ex Crm Vanilla 5%,$6.99 ,$6.99 ,"650 g, $1.08/100g",Yogurt,/p/21353463_EA
Tubes Yogurt 1% M.F.,$3.49 ,$3.49 ,"448 g, $0.78/100g",Yogurt,/p/21547629_EA
Source Raspberry 0% MF,$3.49 ,$3.49 ,"630 g, $0.55/100g",Yogurt,21391318005_EA
Strawberry Stirred 1% M.F. Yogurt,$2.79 ,$2.79 ,"650 g, $0.43/100g",Yogurt,20338702001_EA
Lactose Free Plain 2%  M.F. Yogurt,$3.49 ,$3.49 ,"750 g, $0.47/100g",Yogurt,/p/20796737_EA
Krema Vanilla Balkan-Style Yogurt 10% M.F.,$14.99 ,$14.99 ,"1.75 kg, $0.86/100g",Yogurt,/p/21161829_EA
"Yogurt With Probiotics, Coconut Flavour",$3.79 ,$3.79 ,"650 g, $0.58/100g",Yogurt,20325132007_EA
Original Flavoured Yogourt Raspberry White Chocolate 6% M.F.,$3.49 ,$3.49 ,"625 g, $0.56/100g",Yogurt,/p/21520611_EA
"Immune System, Probiotic Drinkable Yogurt, Vanilla, 8 Bottles",$7.19 ,$7.19 ,"744 ml, $0.97/100ml",Yogurt,/p/21520273_EA
"Greek Yogurt, Vanilla",$5.29 ,$5.29 ,"650 g, $0.81/100g",Yogurt,20588372001_EA
Oat Based Vegan Delight Plain,$6.49 ,$6.49 ,"650 g, $1.00/100g",Yogurt,/p/21497497_EA
Coconut Milk Vegan Yogurt - Raspberry Blackcurrant,$6.49 ,$6.49 ,"500 g, $1.30/100g",Yogurt,/p/21201434_EA
"Dairy Free Plant Based Coconut Yogurt, Vanilla, Unsweetened",$6.99 ,$6.99 ,"680 g, $1.03/100g",Yogurt,/p/20996281_EA
Oat Based Vegan Delight Strawberry,$6.49 ,$6.49 ,"500 g, $1.30/100g",Yogurt,/p/21497499_EA
"Organic Probiotic Yogurt, Mango",$5.29 ,$5.29 ,"650 g, $0.81/100g",Yogurt,20638003003_EA
"Crescents Original Dough, 8 Pieces",$1.79 ,$2.49 ,"226 g, $0.79/100g",Desserts & Doughs,/p/21505340_EA
Butter Puff Pastry,$6.79 ,$6.79 ,"450 g, $1.51/100g",Desserts & Doughs,/p/21288850_EA
Cinnamon Rolls,$3.59 ,$3.59 ,"351 g, $1.02/100g",Desserts & Doughs,20320962002_EA
Country Biscuits,$3.59 ,$3.59 ,"340 g, $1.06/100g",Desserts & Doughs,20317832003_EA
Crescents - Reduced Fat,$1.79 ,$2.49 ,"227 g, $0.79/100g",Desserts & Doughs,20305424001_EA
Easy Roll Pie Crust   ,$3.59 ,$3.59 ,"400 g, $0.90/100g",Desserts & Doughs,/p/20187585_EA
"Wiener Wrap, Regular",$1.79 ,$2.49 ,"200 g, $0.90/100g",Desserts & Doughs,20305424002_EA
Deep Dish Pie Shells,$4.49 ,$4.49 ,"380 g, $1.18/100g",Desserts & Doughs,/p/20671251_EA
Grands Cinnamon Rolls Regular   ,$4.99 ,$4.99 ,"496 g, $1.01/100g",Desserts & Doughs,20301101001_EA
Chocolatey Chip Cookies,$3.59 ,$3.59 ,"468 g, $0.77/100g",Desserts & Doughs,20318034001_EA
Grands! Crescents,$3.59 ,$3.59 ,"318 g, $1.13/100g",Desserts & Doughs,20317832001_EA
Pizza Crust,$3.59 ,$3.59 ,"391 g, $0.92/100g",Desserts & Doughs,20317832002_EA
Grands Cookie Dough Chocolate Chip,$4.99 ,$4.99 ,"454 g, $1.10/100g",Desserts & Doughs,20301101005_EA
Phyllo Pastry,$5.49 ,$5.49 ,"454 g, $1.21/100g",Desserts & Doughs,/p/21288853_EA
Tart Shells,$7.79 ,$7.79 ,"30 ea, $1.37/100g",Desserts & Doughs,20296118001_EA
Chub Chocolate Chunk Cookie   ,$3.59 ,$3.59 ,"468 g, $0.77/100g",Desserts & Doughs,20318034002_EA
Chocolate Chip Cookie Dough,$3.29 ,$3.29 ,"468 g, $0.70/100g",Desserts & Doughs,20314013002_EA
Grands! Cinnamon Rolls Flaky Supreme with Icing,$4.99 ,$4.99 ,"468 g, $1.01/100g",Desserts & Doughs,20301101004_EA
Bake It Puff Pastry,$6.79 ,$6.79 ,"850 g, $0.80/100g",Desserts & Doughs,/p/20997483_EA
Reese Cookie Dough,$4.99 ,$4.99 ,"454 g, $1.10/100g",Desserts & Doughs,/p/21477773_EA
Grands! Cinnamon Rolls with Cream Cheese Icing,$4.99 ,$4.99 ,"496 g, $1.01/100g",Desserts & Doughs,20301101002_EA
Crescents Flaky Rolls,$3.59 ,$3.59 ,"340 g, $1.06/100g",Desserts & Doughs,20317832004_EA
Oatmeal Chocolate Chip Cookie Dough,$3.29 ,$3.29 ,"468 g, $0.70/100g",Desserts & Doughs,20314013001_EA
Sweetened Tart Shells,$7.79 ,$7.79 ,"30 ea, $1.37/100g",Desserts & Doughs,20296118002_EA
Raw Cookie Dough Chocolate Chunk,$4.99 ,$4.99 ,"400 g, $1.25/100g",Desserts & Doughs,/p/21464969_EA
Pie Shells,$4.49 ,$4.49 ,"350 g, $1.28/100g",Desserts & Doughs,/p/20153259_EA
Sugar Cookies,$3.59 ,$3.59 ,"468 g, $0.77/100g",Desserts & Doughs,/p/21193674_EA
Bake It Filo Pastry Med,$4.29 ,$4.29 ,"500 g, $0.86/100g",Desserts & Doughs,/p/20877732_EA
Gluten Free Pie Crust,$8.49 ,$8.49 ,"380 g, $2.23/100g",Desserts & Doughs,/p/21311742_EA
Raw Cookie Dough Strawberry Confetti,$4.99 ,$4.99 ,"400 g, $1.25/100g",Desserts & Doughs,/p/21464785_EA
Sugar Cookies Ghost,$4.99 ,$4.99 ,"260 g, $1.92/100g",Desserts & Doughs,/p/21302025_EA
Ready To Bake! Monsters Shape Sugar Cookie Dough,$4.99 ,$4.99 ,"260 g, $1.92/100g",Desserts & Doughs,/p/21463989_EA
Sugar Cookies Pumpkin,$4.99 ,$4.99 ,"260 g, $1.92/100g",Desserts & Doughs,/p/21302048_EA
Sour Cream 14%,$3.00 ,$3.00 ,"500 ml, $0.60/100ml",Sour Cream & Dips,/p/20299657_EA
5% M.F. Light Sour Cream,$3.00 ,$3.00 ,"500 ml, $0.60/100ml",Sour Cream & Dips,/p/20322987_EA
Sour Cream,$4.39 ,$4.39 ,"500 ml, $0.88/100ml",Sour Cream & Dips,20275966001_EA
14% M.F. Sour Cream,$2.89 ,$2.89 ,"250 ml, $1.16/100ml",Sour Cream & Dips,/p/20093448_EA
"Sour Cream Dip, French Onion",$3.99 ,$3.99 ,"250 g, $1.60/100g",Sour Cream & Dips,20179979002_EA
"Sour Cream Dip, French Onion",$8.49 ,$8.49 ,"680 g, $1.25/100g",Sour Cream & Dips,20312788001_EA
Sour Cream,$5.00 ,$5.00 ,"1 l, $0.50/100ml",Sour Cream & Dips,/p/20079526_EA
Cheez Whiz Cheese Spread,$5.99 ,$5.99 ,"450 g, $1.33/100g",Sour Cream & Dips,20659606001_EA
Lactose Free 14% M.F. Sour Cream,$4.19 ,$4.19 ,"500 ml, $0.84/100ml",Sour Cream & Dips,/p/20987150_EA
14% M.F. Sour Cream,$4.29 ,$4.29 ,"500 ml, $0.86/100ml",Sour Cream & Dips,/p/20040329_EA
14% M.F. Sour Cream ,$4.79 ,$4.79 ,"750 ml, $0.64/100ml",Sour Cream & Dips,/p/20004555_EA
Light Sour Cream,$4.39 ,$4.39 ,"500 ml, $0.88/100ml",Sour Cream & Dips,20275966002_EA
Onion Dip,$4.19 ,$4.19 ,"227 g, $1.85/100g",Sour Cream & Dips,20299760001_EA
Dill Pickle Dip,$4.19 ,$4.19 ,"227 g, $1.85/100g",Sour Cream & Dips,20299760003_EA
Plant Based Sour Cream Alternative,$3.59 ,$3.59 ,"340 ml, $1.06/100ml",Sour Cream & Dips,/p/21369455_EA
"Sour Cream Dip, Dill Pickle",$3.99 ,$3.99 ,"250 g, $1.60/100g",Sour Cream & Dips,20179979001_EA
Sour Cream,$5.79 ,$5.79 ,"750 ml, $0.77/100ml",Sour Cream & Dips,/p/20831186_EA
Onion Dip,$6.99 ,$6.99 ,"340 g, $2.06/100g",Sour Cream & Dips,20866839001_EA
Dill Pickle Dip,$6.99 ,$6.99 ,"340 g, $2.06/100g",Sour Cream & Dips,20866839002_EA
French Onion Sour Cream Dip ,$3.00 ,$3.00 ,"250 g, $1.20/100g",Sour Cream & Dips,/p/20801166_EA
Caramelized Onion Dip,$3.99 ,$3.99 ,"250 g, $1.60/100g",Sour Cream & Dips,/p/20872654_EA
Jalapeno Cheddar Dip,$3.99 ,$3.99 ,"250 g, $1.60/100g",Sour Cream & Dips,20305052001_EA
French Onion Dip,$4.19 ,$4.19 ,"227 g, $1.85/100g",Sour Cream & Dips,/p/20745040_EA
Herb & Spice Dip,$4.19 ,$4.19 ,"227 g, $1.85/100g",Sour Cream & Dips,20299760004_EA
Good! Sour Cream Dip Herb & Spice,$3.99 ,$3.99 ,"250 g, $1.60/100g",Sour Cream & Dips,/p/21096678_EA
Dill Pickle Sour Cream Dip,$3.00 ,$3.00 ,"250 g, $1.20/100g",Sour Cream & Dips,/p/21456014_EA
Herb & Garlic Dip,$4.19 ,$4.19 ,"227 g, $1.85/100g",Sour Cream & Dips,20299760006_EA
Herb and Spice Sour Cream Dip,$3.00 ,$3.00 ,"250 g, $1.20/100g",Sour Cream & Dips,/p/21455936_EA
14% M.F. Sour Cream ,$17.99 ,$17.99 ,"4 l, $0.45/100ml",Sour Cream & Dips,/p/20068658_EA
Cheese Cottage 4 % M.F.,$4.59 ,$4.59 ,"500 g, $0.92/100g",Sour Cream & Dips,/p/21537371_EA
Sour Cream 18% M.F.,$4.39 ,$4.39 ,"450 ml, $0.98/100ml",Sour Cream & Dips,/p/21537366_EA
French Onion Greek Yogurt Dip,$3.69 ,$3.69 ,"227 g, $1.63/100g",Sour Cream & Dips,/p/21032307_EA
Everything Bagel Seasoning Sour Cream Dip,$3.00 ,$3.00 ,"250 g, $1.20/100g",Sour Cream & Dips,/p/21455993_EA
Herb & Spice Dip,$6.99 ,$6.99 ,"340 g, $2.06/100g",Sour Cream & Dips,20866839003_EA
Jalapeno Greek Yogurt Dip,$3.69 ,$3.69 ,"227 g, $1.63/100g",Sour Cream & Dips,/p/21032266_EA
Lactose Free 2% Dairy Product (2L),$5.99 ,$5.99 ,"2 l, $0.30/100ml",Lactose Free,20077874001_EA
Lactose Free 2% Partly Skimmed Ultrafiltered Milk,$6.29 ,$6.29 ,"1.5 l, $0.42/100ml",Lactose Free,/p/21128369_EA
Lactose Free 1% Dairy Product (2L),$5.99 ,$5.99 ,"2 l, $0.30/100ml",Lactose Free,20077874003_EA
Lactose Free Marble Cheddar ,$6.79 ,$6.79 ,"400 g, $1.70/100g",Lactose Free,/p/21289664_EA
Chocolate Lactose Free 2% Partly Skimmed Ultrafiltered Milk,$6.29 ,$6.29 ,"1.5 l, $0.42/100ml",Lactose Free,/p/21128371_EA
1% Lactose Free Strawberry-Banana Drinkable Yogurt,$4.37 ,$4.37 ,"6x93.0 ml, $0.78/100g",Lactose Free,/p/21219007_EA
Lactose Free 2% Milk,$5.99 ,$5.99 ,"2 l, $0.30/100ml",Lactose Free,20301822001_EA
Cheestrings Marble Lactose Free,$8.79 ,$8.79 ,"252 g, $3.49/100g",Lactose Free,/p/21041750_EA
Lactose Free Skim Ultrafiltered Milk,$6.29 ,$6.29 ,"1.5 l, $0.42/100ml",Lactose Free,/p/21128364_EA
Lactose Free 1% Partly Skimmed Ultrafiltered Milk,$6.29 ,$6.29 ,"1.5 l, $0.42/100ml",Lactose Free,/p/21358817_EA
Lactose Free Whole Ultrafiltered Milk,$6.29 ,$6.29 ,"1.5 l, $0.42/100ml",Lactose Free,/p/21128348_EA
"Yogurt With Probiotics Lactose-Free, Vanilla Flavour",$3.79 ,$3.79 ,"650 g, $0.58/100g",Lactose Free,/p/20946086_EA
Lactose Free 14% M.F. Sour Cream,$4.19 ,$4.19 ,"500 ml, $0.84/100ml",Lactose Free,/p/20987150_EA
Nanö 1% Lactose Free Apple-Grape Drinkable Yogurt,$4.37 ,$4.37 ,"6x93.0 ml, $0.78/100ml",Lactose Free,/p/21349902_EA
Lactose Free Triple Cheddar Shredded Cheese Blend,$6.79 ,$6.79 ,"320 g, $2.12/100g",Lactose Free,/p/21083518_EA
Lactose Free Pizza Mozzarella Shredded Cheese,$6.79 ,$6.79 ,"320 g, $2.12/100g",Lactose Free,/p/21082488_EA
"Yogurt With Probiotics Lactose Free, Vanilla, Strawberry, Raspberry, Cherry Flavour",$6.79 ,$6.79 ,"12x100.0 g, $0.57/100g",Lactose Free,/p/20944744_EA
Lactose Free Old Yellow Cheddar Cheese,$6.79 ,$6.79 ,"400 g, $1.70/100g",Lactose Free,/p/21289645_EA
Lactose Free Fat Free Skim 0% Dairy Product (2L),$5.99 ,$5.99 ,"2 l, $0.30/100ml",Lactose Free,20077874004_EA
"Yogurt With Probiotics Lactose Free, Strawberry, Blueberry, Peach, Mango Flavour, 12XG",$6.79 ,$6.79 ,"12x100.0 g, $0.57/100g",Lactose Free,/p/20944778_EA
Lactose Free 10% Cream,$4.69 ,$4.69 ,"1 l, $0.47/100ml",Lactose Free,/p/20658002_EA
Lactose Free Homogenized Milk,$6.29 ,$6.29 ,"2 l, $0.31/100ml",Lactose Free,/p/20838388_EA
Lactose Free 2% M.F. Cottage Cheese,$4.29 ,$4.29 ,"500 g, $0.86/100g",Lactose Free,/p/20984624_EA
Lactose Free 1% Milk,$5.99 ,$5.99 ,"2 l, $0.30/100ml",Lactose Free,20301822002_EA
Lactose Free Homogenized Milk,$5.99 ,$5.99 ,"2 l, $0.30/100ml",Lactose Free,/p/20595216_EA
Lactose Free Plain Cream Cheese ,$4.19 ,$4.19 ,"250 g, $1.68/100g",Lactose Free,/p/21184727_EA
Greek Lactose Free Vanilla 0% MF Yogurt,$6.99 ,$6.99 ,"750 g, $0.93/100g",Lactose Free,/p/20801190_EA
Naturally Lactose-Free Swiss Cheese ,$6.79 ,$6.79 ,"300 g, $2.26/100g",Lactose Free,/p/20922823_EA
Lactose Free Plain 2%  M.F. Yogurt,$3.49 ,$3.49 ,"750 g, $0.47/100g",Lactose Free,/p/20796737_EA
"Tre Stelle Creamy Cheese Spread, Lactose Free",$4.69 ,$4.69 ,"200 g, $2.35/100g",Lactose Free,/p/21002993_EA
"Lactose Free Yogurt, Vanilla 1.5%",$3.99 ,$3.99 ,"650 g, $0.61/100g",Lactose Free,21043175002_EA
Cheestrings Mozzarella Lactose Free 18% M.F.,$8.79 ,$8.79 ,"252 g, $3.49/100g",Lactose Free,/p/21208872_EA
"Lactose Free Butter, Salted",$6.79 ,$6.79 ,"250 g, $2.72/100g",Lactose Free,/p/21048193_EA
Lactose Free Lactaid Skim Milk,$5.99 ,$5.99 ,"2 l, $0.30/100ml",Lactose Free,/p/20057494_EA
Trutaste Milk 2% M.F. Lactose Free,$10.99 ,$10.99 ,"4 l, $0.27/100ml",Lactose Free,/p/21027551_EA
"Lactose Free Yogurt, Strawberry 1.5%",$3.99 ,$3.99 ,"650 g, $0.61/100g",Lactose Free,21043175003_EA
Dairy Product Lactose Free 2% M.F.,$6.29 ,$6.29 ,"1.5 l, $0.42/100ml",Lactose Free,/p/21107151_EA
Lactose Free Milk,$10.99 ,$10.99 ,"4 l, $0.27/100ml",Lactose Free,/p/21241503_EA
"Immune System, Raspberry Probiotic Yogurt Drink. Lactose Free, 8 Pack",$7.19 ,$7.19 ,"8x93.0 ml, $0.97/100ml",Lactose Free,/p/21162928_EA
"Original Cream Cheese, Lactose Free",$6.29 ,$6.29 ,"250 g, $2.52/100g",Lactose Free,/p/21314936_EA
Dairy Product Lactose Free 3.25% M.F.,$6.29 ,$6.29 ,"1.5 l, $0.42/100ml",Lactose Free,/p/21107156_EA
Original Cream Cheese,$6.29 ,$6.29 ,"227 g, $2.77/100g",Lactose Free,/p/21314933_EA
"Almond Beverage, Unsweetened Original, Dairy-Free",$4.99 ,$4.99 ,"1.89 l, $0.26/100ml",Non-Dairy Milk Alternatives,20328231002_EA
"Oat Beverage, Original",$4.79 ,$4.79 ,"1.75 l, $0.27/100ml",Non-Dairy Milk Alternatives,/p/21037796_EA
"Almond Beverage, Unsweetened, Vanilla Flavour, Dairy-Free",$4.99 ,$4.99 ,"1.89 l, $0.26/100ml",Non-Dairy Milk Alternatives,20328231004_EA
"Oat Beverage, Unsweetened, Plant Based, Dairy Free",$4.99 ,$4.99 ,"1.75 l, $0.29/100ml",Non-Dairy Milk Alternatives,/p/21243598_EA
"Almond Beverage, Original, Plant Based Dairy-Free Milk",$4.99 ,$4.99 ,"1.89 l, $0.26/100ml",Non-Dairy Milk Alternatives,20315090001_EA
"Almond Beverage, Unsweetened Original ",$4.00 ,$4.00 ,"1.89 l, $0.21/100ml",Non-Dairy Milk Alternatives,/p/20327647_EA
"Almond Beverage, Dark Chocolate Flavour",$4.99 ,$4.99 ,"1.89 l, $0.26/100ml",Non-Dairy Milk Alternatives,20328231001_EA
"Organic Soy Beverage, Unsweetened Original, Dairy-Free",$4.99 ,$4.99 ,"1.89 l, $0.26/100ml",Non-Dairy Milk Alternatives,/p/20308979_EA
"Oat Beverage, Vanilla",$4.79 ,$4.79 ,"1.75 l, $0.27/100ml",Non-Dairy Milk Alternatives,/p/21037799_EA
Oat Barista,$5.99 ,$5.99 ,"946 ml, $0.63/100ml",Non-Dairy Milk Alternatives,/p/21179478_EA
"Coconut Beverage, Unsweetened Original, Dairy-Free",$4.99 ,$4.99 ,"1.89 l, $0.26/100ml",Non-Dairy Milk Alternatives,/p/20773777_EA
"Almond Beverage, Vanilla Flavour, Dairy-Free",$4.99 ,$4.99 ,"1.89 l, $0.26/100ml",Non-Dairy Milk Alternatives,/p/20436299_EA
"Dairy Free Plant Based Oat Beverage, Original, Plain",$4.99 ,$4.99 ,"1.75 l, $0.29/100ml",Non-Dairy Milk Alternatives,/p/21196119_EA
"Creamy Cashew Beverage, Unsweetened Original, Dairy-Free",$4.99 ,$4.99 ,"1.89 l, $0.26/100ml",Non-Dairy Milk Alternatives,/p/20863698_EA
 Oat Zero Sugar Beverage,$4.79 ,$4.79 ,"1.75 l, $0.27/100ml",Non-Dairy Milk Alternatives,/p/21517729_EA
"Organic Soy Beverage, Original, Dairy-Free",$4.99 ,$4.99 ,"1.89 l, $0.26/100ml",Non-Dairy Milk Alternatives,20124384001_EA
"Oat Beverage, Original",$3.79 ,$3.79 ,"946 ml, $0.40/100ml",Non-Dairy Milk Alternatives,/p/21109025_EA
"Almond Beverage, Unsweetened Vanilla",$4.00 ,$4.00 ,"1.89 l, $0.21/100ml",Non-Dairy Milk Alternatives,/p/20913872_EA
Organic Almond Beverage Unsweetened Original,$4.99 ,$4.99 ,"1.75 l, $0.29/100ml",Non-Dairy Milk Alternatives,20794550002_EA
"Oat Beverage, Vanilla, Unsweetened, Dairy-Free",$4.99 ,$4.99 ,"1.75 l, $0.29/100ml",Non-Dairy Milk Alternatives,/p/21396344_EA
"Almond Beverage, Unsweetened, Dairy-Free, Shelf Stable",$3.29 ,$3.29 ,"946 ml, $0.35/100ml",Non-Dairy Milk Alternatives,20555265002_EA
"Almond Breeze Unsweetened Almond Milk, Original",$4.79 ,$4.79 ,"1.89 l, $0.25/100ml",Non-Dairy Milk Alternatives,20794060004_EA
Natur-A Soy Chocolate Beverage - Mini,$3.79 ,$3.79 ,"3x200.0 ml, $0.63/100ml",Non-Dairy Milk Alternatives,20283063001_EA
"Almond Beverage, Original ",$4.00 ,$4.00 ,"1.89 l, $0.21/100ml",Non-Dairy Milk Alternatives,20299698001_EA
"Creamy Cashew Beverage, Unsweetened, Vanilla Flavour",$4.99 ,$4.99 ,"1.89 l, $0.26/100ml",Non-Dairy Milk Alternatives,/p/20914285_EA
"Oat Beverage, Chocolate",$4.79 ,$4.79 ,"1.75 l, $0.27/100ml",Non-Dairy Milk Alternatives,/p/21179354_EA
"Almond Coconut Blend Beverage, Unsweetened, Dairy-Free",$4.99 ,$4.99 ,"1.89 l, $0.26/100ml",Non-Dairy Milk Alternatives,/p/20773780_EA
"Almond Breeze Natural Almond, Unsweetened",$2.99 ,$2.99 ,"946 ml, $0.32/100ml",Non-Dairy Milk Alternatives,20107219004_EA
"Organic Soy Beverage, Vanilla Flavour, Dairy-Free",$4.99 ,$4.99 ,"1.89 l, $0.26/100ml",Non-Dairy Milk Alternatives,20124384002_EA
"Coconut Beverage, Original, Plant Based Dairy-Free Milk",$4.99 ,$4.99 ,"1.89 l, $0.26/100ml",Non-Dairy Milk Alternatives,20328231003_EA
Creamy Root Beer,$7.99 ,$7.99 ,"6x355.0 ml, $0.38/100ml",Non-Dairy Milk Alternatives,p/21407494_C06
"Protein Almond & Cashew Beverage, Unsweetened Original L",$4.99 ,$5.49 ,"1.75 l, $0.29/100ml",Non-Dairy Milk Alternatives,/p/21337480_EA
"Almond Breeze, Unsweetened Vanilla",$2.99 ,$2.99 ,"946 ml, $0.32/100ml",Non-Dairy Milk Alternatives,/p/20264273_EA
"Almond Beverage, Vanilla",$4.00 ,$4.00 ,"1.89 l, $0.21/100ml",Non-Dairy Milk Alternatives,20299698002_EA
"Almond Beverage, Unsweetened, Vanilla Flavour, Dairy-Free, Shelf Stable",$3.29 ,$3.29 ,"946 ml, $0.35/100ml",Non-Dairy Milk Alternatives,20555265001_EA
"Almond Breeze Almond Milk, Unsweetened Vanilla",$4.79 ,$4.79 ,"1.89 l, $0.25/100ml",Non-Dairy Milk Alternatives,20794060002_EA
"Nextmilk, Plant Based Dairy Free Milk Alternative",$4.99 ,$5.49 ,"1.74 l, $0.29/100ml",Non-Dairy Milk Alternatives,/p/21457065_EA
Unsweetened Enrich     ,$2.79 ,$2.79 ,"946 ml, $0.29/100ml",Non-Dairy Milk Alternatives,20311173006_EA
 Soy Barista ,$3.69 ,$3.69 ,"946 ml, $0.39/100ml",Non-Dairy Milk Alternatives,/p/20666187_EA
"Organic Almond Beverage, Unsweetened Vanilla",$4.99 ,$4.99 ,"1.75 l, $0.29/100ml",Non-Dairy Milk Alternatives,/p/21109099_EA
"Organic Soy Beverage, Unsweetened Original, Dairy-Free, Shelf Stable",$3.29 ,$3.29 ,"946 ml, $0.35/100ml",Non-Dairy Milk Alternatives,/p/21123926_EA
"Oat Beverage, Plant Based, Dairy Free, Vanilla Flavour",$4.99 ,$4.99 ,"1.75 l, $0.29/100ml",Non-Dairy Milk Alternatives,/p/21196105_EA
"Almond Beverage, Chocolate",$4.00 ,$4.00 ,"1.89 l, $0.21/100ml",Non-Dairy Milk Alternatives,20299698003_EA
"Oat Beverage, Vanilla",$3.79 ,$3.79 ,"946 ml, $0.40/100ml",Non-Dairy Milk Alternatives,/p/21108254_EA
"Protein Almond & Cashew Beverage, Vanilla, Unsweetened, Dairy-Free",$4.99 ,$5.49 ,"1.75 l, $0.29/100ml",Non-Dairy Milk Alternatives,/p/21337489_EA
Natur-A Soy Vanilla Beverage - Mini,$3.79 ,$3.79 ,"3x200.0 ml, $0.63/100ml",Non-Dairy Milk Alternatives,20283063003_EA
"Soy Beverage, Chocolate Flavour, Dairy-Free",$4.99 ,$4.99 ,"1.89 l, $0.26/100ml",Non-Dairy Milk Alternatives,20124384003_EA
"Almond Beverage, Unsweetened Original, Dairy-Free",$14.99 ,$14.99 ,"6x5.706 kg, $0.26/100g",Non-Dairy Milk Alternatives,p/21309855_C01
Natur-A  Rice Original,$2.99 ,$2.99 ,"946 ml, $0.32/100ml",Non-Dairy Milk Alternatives,20122818001_EA
Almond Breeze Original,$4.79 ,$4.79 ,"1.89 l, $0.25/100ml",Non-Dairy Milk Alternatives,20794060003_EA
Plant Based Unsweetened Beverage   ,$4.99 ,$4.99 ,"1 l, $0.50/100ml",Non-Dairy Milk Alternatives,/p/21302800_EA
"Almond Beverage, Chocolate",$3.79 ,$3.79 ,"946 ml, $0.40/100ml",Non-Dairy Milk Alternatives,/p/21287377_EA
Plant Based Barista Beverage   ,$4.99 ,$4.99 ,"1 l, $0.50/100ml",Non-Dairy Milk Alternatives,/p/21305838_EA
Oat Zero Sugar Beverage Vanilla,$3.79 ,$3.79 ,"946 ml, $0.40/100ml",Non-Dairy Milk Alternatives,/p/21547995_EA
"Oat Beverage, Chocolate",$4.99 ,$4.99 ,"3x250.0 ml, $0.67/100ml",Non-Dairy Milk Alternatives,/p/21179470_EA
"Oat Beverage, Original ",$4.99 ,$4.99 ,"3x250.0 ml, $0.67/100ml",Non-Dairy Milk Alternatives,/p/21179475_EA
Oat Milk Barista Edition,$8.99 ,$8.99 ,"964 ml, $0.95/100g",Non-Dairy Milk Alternatives,/p/21418685_EA
"Organic Soy Beverage, Original, Dairy-Free, Shelf Stable",$3.29 ,$3.29 ,"946 ml, $0.35/100ml",Non-Dairy Milk Alternatives,/p/21123927_EA
Zero Sugar Oat Drink,$4.99 ,$4.99 ,"946 ml, $0.53/100ml",Non-Dairy Milk Alternatives,/p/21382400_EA
"Almond Milk, Dark Chocolate Flavour, Dairy-Free, Shelf Stable",$3.29 ,$3.29 ,"946 ml, $0.35/100ml",Non-Dairy Milk Alternatives,/p/21123922_EA
Oat Beverage Unsweetened,$8.99 ,$8.99 ,"946 ml, $0.95/100ml",Non-Dairy Milk Alternatives,/p/21415704_EA
Pumpin Spice Latte,$6.99 ,$6.99 ,"1.4 l, $0.50/100ml",Non-Dairy Milk Alternatives,/p/21128504_EA
"Almond Beverage, Original",$3.79 ,$3.79 ,"946 ml, $0.40/100ml",Non-Dairy Milk Alternatives,20553391001_EA
"Almond Breeze, Unsweetened Almond Coconut",$2.99 ,$2.99 ,"946 ml, $0.32/100ml",Non-Dairy Milk Alternatives,20107219006_EA
Oat Zero Sugar Beverage Original,$3.79 ,$3.79 ,"946 ml, $0.40/100ml",Non-Dairy Milk Alternatives,/p/21547996_EA
"Organic Coconut Beverage Original, Dairy-Free, Shelf Stable",$3.29 ,$3.29 ,"946 ml, $0.35/100ml",Non-Dairy Milk Alternatives,/p/21384432_EA
"Almond Breeze, Vanilla",$2.99 ,$2.99 ,"946 ml, $0.32/100ml",Non-Dairy Milk Alternatives,20107219001_EA
"Almond Beverage, Chocolate",$3.99 ,$3.99 ,"3x250.0 ml, $0.53/100ml",Non-Dairy Milk Alternatives,20555730002_EA
"Almond Beverage, Vanilla Flavour, Dairy-Free, Shelf Stable",$3.29 ,$3.29 ,"946 ml, $0.35/100ml",Non-Dairy Milk Alternatives,20649868002_EA
"Almond Beverage, Dark Chocolate Flavour, Dairy-Free",$9.29 ,$9.29 ,"6x236.0 ml, $0.66/100ml",Non-Dairy Milk Alternatives,0871867001_C06
Nextmilk Fortified Oat And Coconut Beverage Whole,$4.99 ,$5.49 ,"1.74 l, $0.29/100ml",Non-Dairy Milk Alternatives,/p/21518871_EA
"Organic Soy Beverage, Enriched Original",$2.79 ,$2.79 ,"946 ml, $0.29/100ml",Non-Dairy Milk Alternatives,20311173002_EA
Natur-A Soya Chocolate,$2.79 ,$2.79 ,"946 ml, $0.29/100ml",Non-Dairy Milk Alternatives,20311173001_EA
Almond Beverage Unsweetened,$8.99 ,$8.99 ,"946 ml, $0.95/100ml",Non-Dairy Milk Alternatives,/p/21415700_EA
"Almond Beverage, Unsweetened Vanilla",$3.79 ,$3.79 ,"946 ml, $0.40/100ml",Non-Dairy Milk Alternatives,/p/21108098_EA
Oat Creamer Unsweetened,$8.99 ,$8.99 ,"473 ml, $1.90/100ml",Non-Dairy Milk Alternatives,/p/21415678_EA
"Almond Beverage, Original, Dairy-Free, Shelf Stable",$3.29 ,$3.29 ,"946 ml, $0.35/100ml",Non-Dairy Milk Alternatives,20649868001_EA
"Almond Milk, Unsweetened",$7.99 ,$7.99 ,"3.95 l, $0.20/100ml",Non-Dairy Milk Alternatives,/p/21026788_EA
"Oat Beverage, Naked Original",$7.99 ,$7.99 ,"1.75 l, $0.46/100ml",Non-Dairy Milk Alternatives,/p/21424411_EA
"Almond Breeze, Unsweetened Chocolate",$2.99 ,$2.99 ,"946 ml, $0.32/100ml",Non-Dairy Milk Alternatives,20107219002_EA
"Almond Breeze, Vanilla",$4.79 ,$4.79 ,"1.89 l, $0.25/100ml",Non-Dairy Milk Alternatives,20794060001_EA
"Almond Beverage, Unsweetened Original",$3.79 ,$3.79 ,"946 ml, $0.40/100ml",Non-Dairy Milk Alternatives,20553391002_EA
Miylk10 Chickpea & Flaxseed Beverage Unsweetened Original,$5.29 ,$5.29 ,"946 ml, $0.56/100ml",Non-Dairy Milk Alternatives,/p/21201138_EA
Natur-A Rice Vanilla,$2.99 ,$2.99 ,"946 ml, $0.32/100ml",Non-Dairy Milk Alternatives,20122818002_EA
Cashew Beverage Unsweetened,$8.99 ,$8.99 ,"946 ml, $0.95/100ml",Non-Dairy Milk Alternatives,/p/21415684_EA
"Almond Beverage, Vanilla Flavour, Dairy-Free",$9.29 ,$9.29 ,"6x236.0 ml, $0.66/100ml",Non-Dairy Milk Alternatives,0871867002_C06
"Oat Beverage, Chocolate",$3.79 ,$3.79 ,"946 ml, $0.40/100ml",Non-Dairy Milk Alternatives,/p/21312346_EA
Oat Creamer French Vanilla,$8.99 ,$8.99 ,"473 ml, $1.90/100ml",Non-Dairy Milk Alternatives,/p/21415606_EA
"Almond Breeze, Original",$2.99 ,$2.99 ,"946 ml, $0.32/100ml",Non-Dairy Milk Alternatives,20107219003_EA
"Almond Breeze, Chocolate",$3.49 ,$3.49 ,"946 ml, $0.37/100ml",Non-Dairy Milk Alternatives,20296599001_EA
"Organic Soy Beverage, Enriched Vanilla",$2.79 ,$2.79 ,"946 ml, $0.29/100ml",Non-Dairy Milk Alternatives,20311173003_EA
Cream of Mushroom Condensed Soup,$1.59 ,$1.59 ,"284 ml, $0.56/100ml",Canned & Pickled ,20176214004_EA
Condensed Soup Tomato,$1.59 ,$1.59 ,"284 ml, $0.56/100ml",Canned & Pickled ,20176214001_EA
Black Beans,$1.49 ,$1.49 ,"540 ml, $0.28/100ml",Canned & Pickled ,20325921005_EA
Chickpeas,$1.49 ,$1.49 ,"540 ml, $0.28/100ml",Canned & Pickled ,20325921001_EA
Maple & Brown Sugar Flavour Instant Oatmeal,$3.49 ,$3.97 ,"344 g, $1.01/100g",Canned & Pickled ,/p/21190254_EA
Condensed Soup Chicken Noodle,$1.59 ,$1.59 ,"284 ml, $0.56/100ml",Canned & Pickled ,20176214003_EA
Dark Red Kidney Beans,$1.49 ,$1.49 ,"540 ml, $0.28/100ml",Canned & Pickled ,/p/20554593_EA
Diced Tomatoes,$1.79 ,$1.79 ,"796 ml, $0.22/100ml",Canned & Pickled ,/p/20600787_EA
Reduced Sodium Chicken Broth,$1.69 ,$1.69 ,"900 ml, $0.19/100ml",Canned & Pickled ,/p/21189610_EA
Instant Oatmeal 3 Flavour Variety Pack,$3.49 ,$3.97 ,"314 g, $1.11/100g",Canned & Pickled ,/p/21190260_EA
Flaked Light Tuna,$1.49 ,$1.49 ,"170 g, $0.88/100g",Canned & Pickled ,/p/20521648_EA
Chicken Broth,$1.69 ,$1.69 ,"900 ml, $0.19/100ml",Canned & Pickled ,/p/21189611_EA
Peaches & Cream Corn,$1.99 ,$1.99 ,"341 ml, $0.58/100ml",Canned & Pickled ,/p/21021485_EA
Condensed Soup Vegetable,$1.59 ,$1.59 ,"284 ml, $0.56/100ml",Canned & Pickled ,20176214002_EA
Apples & Cinnamon Instant Oatmeal,$3.49 ,$3.97 ,"264 g, $1.32/100g",Canned & Pickled ,/p/21190251_EA
Chunk Light Tuna,$1.49 ,$1.49 ,"170 g, $0.88/100g",Canned & Pickled ,/p/20521647_EA
Sliced Mushrooms,$1.29 ,$1.29 ,"284 ml, $0.45/100ml",Canned & Pickled ,/p/20299211_EA
Diced Tomatoes with Herbs and Spices,$1.79 ,$1.79 ,"796 ml, $0.22/100ml",Canned & Pickled ,20326215005_EA
Diced Tomatoes,$2.49 ,$2.49 ,"796 ml, $0.31/100ml",Canned & Pickled ,20314629001_EA
Whole Kernel Crisp Corn,$1.29 ,$1.29 ,"341 ml, $0.38/100ml",Canned & Pickled ,/p/20303822_EA
Chicken Broth,$2.79 ,$2.79 ,"900 ml, $0.31/100ml",Canned & Pickled ,20322348002_EA
"Corn Niblets, Whole Kernel",$1.99 ,$1.99 ,"341 ml, $0.58/100ml",Canned & Pickled ,/p/21021224_EA
Black Beans,$1.99 ,$1.99 ,"540 ml, $0.37/100ml",Canned & Pickled ,20313447006_EA
Black Beans,$1.69 ,$1.69 ,"540 ml, $0.31/100ml",Canned & Pickled ,20305136001_EA
Crushed Tomatoes,$1.79 ,$1.79 ,"796 ml, $0.22/100ml",Canned & Pickled ,/p/20601345_EA
"Flaked Light Tuna, Skip Jack In Water",$1.99 ,$1.99 ,"170 g, $1.17/100g",Canned & Pickled ,/p/20573583_EA
Original Beans in Tomato Sauce,$1.99 ,$1.99 ,"398 ml, $0.50/100ml",Canned & Pickled ,20177278001_EA
Chick Peas,$1.99 ,$1.99 ,"540 ml, $0.37/100ml",Canned & Pickled ,20313447002_EA
Unsweetened Apple Sauce,$2.99 ,$2.99 ,"620 ml, $0.48/100ml",Canned & Pickled ,/p/21379698_EA
30% Less Sodium Chicken Broth,$2.79 ,$2.79 ,"900 ml, $0.31/100ml",Canned & Pickled ,20322348001_EA
Beef Broth,$1.69 ,$1.69 ,"900 ml, $0.19/100ml",Canned & Pickled ,/p/21189607_EA
Chickpeas,$1.69 ,$1.69 ,"540 ml, $0.31/100ml",Canned & Pickled ,/p/20318942_EA
Red Kidney Beans,$1.99 ,$1.99 ,"540 ml, $0.37/100ml",Canned & Pickled ,20313447001_EA
Stuffed Manzanilla Olives With Pimento Paste,$1.99 ,$1.99 ,"375 ml, $0.53/100ml",Canned & Pickled ,/p/20325649_EA
Cream of Chicken Soup,$2.79 ,$2.79 ,"284 ml, $0.98/100ml",Canned & Pickled ,20297246002_EA
Creamy Style Sweet Corn,$1.99 ,$1.99 ,"398 ml, $0.50/100ml",Canned & Pickled ,/p/21021222_EA
"Diced Tomatoes, Herbs & Spices",$2.49 ,$2.49 ,"796 ml, $0.31/100ml",Canned & Pickled ,20314629006_EA
Cream-Style Corn,$1.29 ,$1.29 ,"398 ml, $0.32/100ml",Canned & Pickled ,/p/20305292_EA
Alphaghetti,$1.99 ,$1.99 ,"398 ml, $0.50/100ml",Canned & Pickled ,20040380003_EA
Sliced Ripe Olives,$1.97 ,$1.97 ,"398 ml, $0.49/100ml",Canned & Pickled ,/p/20323294_EA
"Chunk Light Tuna, Skip Jack In Water",$1.99 ,$1.99 ,"170 g, $1.17/100g",Canned & Pickled ,20018117001_EA
Crushed Tomatoes,$2.49 ,$2.49 ,"796 ml, $0.31/100ml",Canned & Pickled ,20314629005_EA
"Black Olives, Sliced Ripe",$2.19 ,$2.19 ,"200 ml, $1.10/100ml",Canned & Pickled ,/p/20175395_EA
Condensed Soup Tomato,$1.49 ,$1.49 ,"284 ml, $0.52/100ml",Canned & Pickled ,/p/21215956_EA
Vegetable Broth,$1.69 ,$1.69 ,"900 ml, $0.19/100ml",Canned & Pickled ,/p/21189609_EA
No Salt Added Chicken Broth,$2.79 ,$2.79 ,"900 ml, $0.31/100ml",Canned & Pickled ,20322348006_EA
Chunky Chicken with Noodles ,$3.00 ,$3.00 ,"515 ml, $0.58/100ml",Canned & Pickled ,/p/21480447_EA
Reduced Sodium Beef Broth,$1.69 ,$1.69 ,"900 ml, $0.19/100ml",Canned & Pickled ,/p/21189608_EA
Baby Dill Pickles With Garlic,$3.29 ,$3.29 ,"1 l, $0.33/100ml",Canned & Pickled ,/p/20300473_EA
White Kidney Beans,$1.49 ,$1.49 ,"540 ml, $0.28/100ml",Canned & Pickled ,/p/20148074_EA
Pineapple Tidbits in Pineapple Juice,$1.79 ,$1.79 ,"540 ml, $0.33/100ml",Canned & Pickled ,/p/21097602_EA
Sliced Manzanilla Olives,$1.99 ,$1.99 ,"375 ml, $0.53/100ml",Canned & Pickled ,/p/20307812_EA
Chicken Rice Soup,$3.49 ,$3.49 ,"540 ml, $0.65/100ml",Canned & Pickled ,/p/21313330_EA
"Corned Beef, Low Sodium",$4.99 ,$4.99 ,"340 g, $1.47/100g",Canned & Pickled ,/p/20583459_EA
Pickled Sliced Beets,$5.29 ,$5.29 ,"750 ml, $0.71/100ml",Canned & Pickled ,/p/20174194_EA
Alphonso Mango Pulp Ratnagiri Sweetened,$4.99 ,$4.99 ,"850 g, $0.59/100g",Canned & Pickled ,/p/21452905_EA
Mini Ravioli,$4.49 ,$4.49 ,"1.13 kg, $0.40/100g",Canned & Pickled ,20170040002_EA
Mediterranean Lentil Ready To Serve Soup,$3.79 ,$3.79 ,"540 ml, $0.70/100ml",Canned & Pickled ,/p/21448482_EA
Marinated Quartered Artichoke Hearts,$2.49 ,$2.49 ,"170 ml, $1.46/100ml",Canned & Pickled ,/p/20140914_EA
Peach Slices in Water,$1.99 ,$1.99 ,"398 ml, $0.50/100ml",Canned & Pickled ,/p/21205193_EA
"Diced Tomatoes with Italian Spices, No Salt Added",$2.79 ,$2.79 ,"796 ml, $0.35/100ml",Canned & Pickled ,/p/21207598_EA
World of Flavours Thai Chicken Soup,$3.49 ,$3.49 ,"540 ml, $0.65/100ml",Canned & Pickled ,/p/21360146_EA
"No Sugar Added, Pear, Halves",$4.79 ,$4.79 ,"796 ml, $0.60/100ml",Canned & Pickled ,20306160009_EA
Herbed Chicken with Rice Ready to Serve Soup,$3.69 ,$3.69 ,"515 ml, $0.72/100ml",Canned & Pickled ,/p/21479024_EA
Miniature Cut Cobs of Corn,$1.79 ,$1.79 ,"398 ml, $0.45/100ml",Canned & Pickled ,/p/20637065_EA
Summer Sweet Peas,$1.99 ,$1.99 ,"398 ml, $0.50/100ml",Canned & Pickled ,/p/21021179_EA
Sweet Mixed Pickles,$4.99 ,$4.99 ,"1 l, $0.50/100ml",Canned & Pickled ,20433560002_EA
Light Tuna Fillets in Olive Oil,$8.29 ,$8.29 ,"180 g, $4.61/100g",Canned & Pickled ,/p/21089150_EA
Sweet Gherkin Pickles,$4.29 ,$4.29 ,"1 l, $0.43/100ml",Canned & Pickled ,/p/20158114_EA
Whole Mushrooms,$1.29 ,$1.29 ,"284 ml, $0.45/100ml",Canned & Pickled ,/p/20097492_EA
Sardines In Tomato Sauce,$1.00 ,$1.00 ,"155 g, $0.65/100g",Canned & Pickled ,/p/20774942_EA
Chicken Vienna Sausages In Chicken Broth,$2.29 ,$2.29 ,"130 g, $1.76/100g",Canned & Pickled ,20305465002_EA
"Aroy-D, Red Curry",$2.88 ,$3.19 ,"400 g, $0.72/100g",Canned & Pickled ,20061348002_EA
"Cream of Mushroom Soup, Less Salt",$2.79 ,$2.79 ,"284 ml, $0.98/100ml",Canned & Pickled ,20003627001_EA
Peas & Carrots,$1.99 ,$1.99 ,"398 ml, $0.50/100ml",Canned & Pickled ,/p/21208525_EA
Hot & Zesty Deli Sliced Pickles,$2.99 ,$2.99 ,"500 ml, $0.60/100ml",Canned & Pickled ,/p/20074106_EA
Dill Chips Pickles ,$3.29 ,$3.29 ,"1 l, $0.33/100ml",Canned & Pickled ,/p/20325561_EA
"Flaked Light Tuna, In Water, Low Sodium",$1.99 ,$1.99 ,"170 g, $1.17/100g",Canned & Pickled ,20107934001_EA
Accents Tomatoes Garlic Oil,$2.69 ,$2.69 ,"540 ml, $0.50/100ml",Canned & Pickled ,/p/21207587_EA
Carrot and Ginger Ready-to-Serve Soup,$2.79 ,$2.79 ,"500 ml, $0.56/100ml",Canned & Pickled ,/p/21545876_EA
Large Lima Beans,$2.29 ,$2.29 ,"540 ml, $0.42/100ml",Canned & Pickled ,/p/21214473_EA
Condensed Soup Cheddar Cheese,$2.79 ,$2.79 ,"284 ml, $0.98/100ml",Canned & Pickled ,/p/20979242_EA
"Canned Soup, 30% Less Sodium Thai Chicken Broth",$2.79 ,$2.79 ,"900 ml, $0.31/100ml",Canned & Pickled ,/p/21082289_EA
Clingstone Peach Slices in Juice from Concentrate,$3.49 ,$3.49 ,"796 ml, $0.44/100ml",Canned & Pickled ,/p/20618824_EA
Dynamite Hot Chili With Beans,$3.99 ,$3.99 ,"425 g, $0.94/100g",Canned & Pickled ,20300125001_EA
Bing Cherries,$4.99 ,$4.99 ,"398 ml, $1.25/100ml",Canned & Pickled ,/p/20138412_EA
Alphonso Mango Pulp,$3.99 ,$4.29 ,"850 g, $0.47/100g",Canned & Pickled ,20670426001_EA
Crushed Pineapple in Pineapple Juice,$2.29 ,$2.29 ,"398 ml, $0.58/100ml",Canned & Pickled ,20136767004_EA
Stuffed Vine Leaves,$3.29 ,$3.29 ,"400 g, $0.82/100g",Canned & Pickled ,/p/21406813_EA
Stewed Prunes,$6.49 ,$6.49 ,"767 ml, $0.85/100ml",Canned & Pickled ,/p/20087888_EA
Sweet Gherkins Pickles ,$2.99 ,$2.99 ,"375 ml, $0.80/100ml",Canned & Pickled ,/p/20119954_EA
Bamboo Shoot Strip In Water,$1.99 ,$2.49 ,"540 g, $0.37/100g",Canned & Pickled ,/p/21406929_EA
Original Diced Tomatoes,$2.79 ,$2.79 ,"796 ml, $0.35/100ml",Canned & Pickled ,/p/21206804_EA
Rich & Chunky Vegetable with Pasta Soup,$2.89 ,$2.89 ,"540 ml, $0.54/100ml",Canned & Pickled ,/p/21359709_EA
Green Lentils,$0.99 ,$1.19 ,"540 ml, $0.18/100ml",Canned & Pickled ,/p/21214470_EA
Tom Yum Broth,$2.49 ,$2.49 ,"900 ml, $0.28/100ml",Canned & Pickled ,/p/21189895_EA
Beef Broth,$1.99 ,$1.99 ,"900 ml, $0.22/100ml",Canned & Pickled ,/p/21189872_EA
Baby Dill Pickles ,$4.99 ,$4.99 ,"1 l, $0.50/100ml",Canned & Pickled ,20434319002_EA
Pickled Hot Banana Pepper Rings,$8.99 ,$8.99 ,"2 l, $0.45/100ml",Canned & Pickled ,/p/20081534_EA
"Canned Soup, Cream of Cremini & Shiitake Mushroom Condensed Soup",$2.79 ,$2.79 ,"284 ml, $0.98/100ml",Canned & Pickled ,/p/20979696_EA
Marinated Quartered Artichoke Hearts,$13.99 ,$13.99 ,"1.8 l, $0.78/100ml",Canned & Pickled ,/p/20170687_EA
Potato and Leek Ready-to-Serve Soup,$2.79 ,$2.79 ,"500 ml, $0.56/100ml",Canned & Pickled ,/p/21545459_EA
Whole Water Chestnuts,$0.89 ,$0.89 ,"227 ml, $0.39/100ml",Canned & Pickled ,/p/20805718_EA
Pickle Spears Garlic & Dill,$5.99 ,$5.99 ,"750 ml, $0.80/100ml",Canned & Pickled ,/p/21338219_EA
Original Beans with Brown Sugar and Bacon,$1.99 ,$1.99 ,"398 ml, $0.50/100ml",Canned & Pickled ,20177278009_EA
Chicken Noodle Soup,$3.79 ,$3.79 ,"540 ml, $0.70/100ml",Canned & Pickled ,/p/21203782_EA
Pinto Beans,$1.99 ,$1.99 ,"540 ml, $0.37/100ml",Canned & Pickled ,/p/20907711_EA
Beef Ravioli,$1.99 ,$1.99 ,"425 g, $0.47/100g",Canned & Pickled ,20312500005_EA
"Chunky Chili, Homestyle",$3.49 ,$3.49 ,"425 g, $0.82/100g",Canned & Pickled ,20318367002_EA
Organic Black Beans    ,$3.29 ,$3.29 ,"398 ml, $0.83/100ml",Canned & Pickled ,20300173003_EA
Scooby-Doo Shaped Pasta,$1.99 ,$1.99 ,"398 ml, $0.50/100ml",Canned & Pickled ,20040380005_EA
Spaghetti in Tomato Sauce with Cheese,$1.99 ,$1.99 ,"398 ml, $0.50/100ml",Canned & Pickled ,20040380001_EA
Peach Slices in Fruit Juice From Concentrate,$4.79 ,$4.79 ,"796 ml, $0.60/100ml",Canned & Pickled ,20306160001_EA
Beefaroni,$1.99 ,$1.99 ,"425 g, $0.47/100g",Canned & Pickled ,20312500002_EA
Mixed Beans,$1.49 ,$1.49 ,"540 ml, $0.28/100ml",Canned & Pickled ,20322156005_EA
Sardines In Sunflower Oil,$1.79 ,$1.79 ,"120 g, $1.49/100g",Canned & Pickled ,/p/21450738_EA
Baked Beans - Maple ,$2.49 ,$2.49 ,"398 ml, $0.63/100ml",Canned & Pickled ,/p/20857051_EA
Deep-Browned Beans with Pork & Molasses,$1.99 ,$1.99 ,"398 ml, $0.50/100ml",Canned & Pickled ,20177278005_EA
"Mini, Beef Ravioli",$1.99 ,$1.99 ,"425 g, $0.47/100g",Canned & Pickled ,20312500001_EA
Chunky Mixed Fruit in Juice From Concentrate,$3.49 ,$3.49 ,"796 ml, $0.44/100ml",Canned & Pickled ,20628590001_EA
Corned Beef with Juices,$5.99 ,$5.99 ,"326 g, $1.84/100g",Canned & Pickled ,/p/21085689_EA
Irish Stew,$2.49 ,$2.49 ,"410 g, $0.61/100g",Canned & Pickled ,20063287002_EA
Plant Based Vegetable and Bean Chili,$3.79 ,$3.79 ,"400 g, $0.95/100g",Canned & Pickled ,/p/21239915_EA
Maple Style Beans with Pure Quebec Maple Syrup,$1.99 ,$1.99 ,"398 ml, $0.50/100ml",Canned & Pickled ,20177278006_EA
Lentils,$1.49 ,$1.49 ,"540 ml, $0.28/100ml",Canned & Pickled ,20325921004_EA
Corned Beef Halal,$4.99 ,$4.99 ,"340 g, $1.47/100g",Canned & Pickled ,/p/21416495_EA
Chicken Vienna Sausages In Chicken Broth,$2.29 ,$2.29 ,"130 g, $1.76/100g",Canned & Pickled ,20305465002_EA
"Aroy-D, Red Curry",$2.88 ,$3.19 ,"400 g, $0.72/100g",Canned & Pickled ,20061348002_EA
Peas & Carrots,$1.99 ,$1.99 ,"398 ml, $0.50/100ml",Canned & Pickled ,/p/21208525_EA
Hot & Zesty Deli Sliced Pickles,$2.99 ,$2.99 ,"500 ml, $0.60/100ml",Canned & Pickled ,/p/20074106_EA
Dill Chips Pickles ,$3.29 ,$3.29 ,"1 l, $0.33/100ml",Canned & Pickled ,/p/20325561_EA
"Flaked Light Tuna, In Water, Low Sodium",$1.99 ,$1.99 ,"170 g, $1.17/100g",Canned & Pickled ,20107934001_EA
Accents Tomatoes Garlic Oil,$2.69 ,$2.69 ,"540 ml, $0.50/100ml",Canned & Pickled ,/p/21207587_EA
Flaked White Tuna,$3.99 ,$3.99 ,"170 g, $2.35/100g",Canned & Pickled ,/p/21005216_EA
Wild Sardines In Tomato Sauce,$2.29 ,$2.29 ,"125 g, $1.83/100g",Canned & Pickled ,/p/21471628_EA
Flakes of Turkey,$2.19 ,$2.19 ,"142 g, $1.40/100g",Canned & Pickled ,20312728003_EA
Purefoods Corned Beef,$6.99 ,$6.99 ,"340 g, $2.06/100g",Canned & Pickled ,/p/20872681_EA
Liver Spread,$2.29 ,$2.29 ,"78 g, $2.94/100g",Canned & Pickled ,/p/21006850_EA
Green Olives with Garlic,$11.49 ,$11.49 ,"1 l, $1.15/100ml",Canned & Pickled ,/p/20105016_EA
Citrus Pepper Flaked Light Tuna,$1.29 ,$1.29 ,"85 g, $1.52/100g",Canned & Pickled ,20097482003_EA
Tuna Flakes in Oil,$1.89 ,$1.99 ,"180 g, $1.05/100g",Canned & Pickled ,/p/21269139_EA
Organic Kidney Beans,$3.29 ,$3.29 ,"398 ml, $0.83/100ml",Canned & Pickled ,20300173004_EA
Real Hormel Bacon,$4.49 ,$4.49 ,"340 g, $1.32/100g",Canned & Pickled ,/p/20948934_EA
Chunky Corned Beef,$4.99 ,$5.99 ,"326 g, $1.53/100g",Canned & Pickled ,/p/21424467_EA
Bistro Bowls Spanish Medley,$3.99 ,$3.99 ,"170 g, $2.35/100g",Canned & Pickled ,/p/21206654_EA
Sardine Filets,$2.19 ,$2.19 ,"100 g, $2.19/100g",Canned & Pickled ,/p/21358345_EA
Chunky Corned Beef,$4.49 ,$4.99 ,"340 g, $1.32/100g",Canned & Pickled ,/p/21355938_EA
Deep-Browned Beans with Pork & Molasses,$1.99 ,$1.99 ,"398 ml, $0.50/100ml",Canned & Pickled ,20177278005_EA
"Mini, Beef Ravioli",$1.99 ,$1.99 ,"425 g, $0.47/100g",Canned & Pickled ,20312500001_EA
Chunky Mixed Fruit in Juice From Concentrate,$3.49 ,$3.49 ,"796 ml, $0.44/100ml",Canned & Pickled ,20628590001_EA
Corned Beef with Juices,$5.99 ,$5.99 ,"326 g, $1.84/100g",Canned & Pickled ,/p/21085689_EA
Irish Stew,$2.49 ,$2.49 ,"410 g, $0.61/100g",Canned & Pickled ,20063287002_EA
Plant Based Vegetable and Bean Chili,$3.79 ,$3.79 ,"400 g, $0.95/100g",Canned & Pickled ,/p/21239915_EA
Maple Style Beans with Pure Quebec Maple Syrup,$1.99 ,$1.99 ,"398 ml, $0.50/100ml",Canned & Pickled ,20177278006_EA
Lentils,$1.49 ,$1.49 ,"540 ml, $0.28/100ml",Canned & Pickled ,20325921004_EA
Corned Beef Halal,$4.99 ,$4.99 ,"340 g, $1.47/100g",Canned & Pickled ,/p/21416495_EA
Chunky Corned Beef,$4.99 ,$5.99 ,"326 g, $1.53/100g",Canned & Pickled ,/p/21424467_EA
Bistro Bowls Spanish Medley,$3.99 ,$3.99 ,"170 g, $2.35/100g",Canned & Pickled ,/p/21206654_EA
Sardine Filets,$2.19 ,$2.19 ,"100 g, $2.19/100g",Canned & Pickled ,/p/21358345_EA
Chunky Corned Beef,$4.49 ,$4.99 ,"340 g, $1.32/100g",Canned & Pickled ,/p/21355938_EA
"Sardines, Hot Peppers",$2.19 ,$2.19 ,"106 g, $2.07/100g",Canned & Pickled ,20322242006_EA
"Seafood Snacks, Louisiana Hot Sauce",$2.19 ,$2.19 ,"100 g, $2.19/100g",Canned & Pickled ,20318426004_EA
Classic Fully Cooked Luncheon Meat,$4.49 ,$4.49 ,"340 g, $1.32/100g",Canned & Pickled ,/p/20968255_EA
"Snack Kit Tuna With Rice Crackers, Lemon & Pepper",$2.99 ,$2.99 ,"96 g, $3.15/100g",Canned & Pickled ,/p/21005112_EA
Kalamata Olives,$8.49 ,$9.99 ,"2 l, $0.57/100ml",Canned & Pickled ,/p/20020152_EA
Plant Based Tunaless Chunks in Spring Water,$1.49 ,$1.49 ,"110 g, $1.35/100g",Canned & Pickled ,/p/21494321_EA
"Flaked Light Tuna, Mayonnaise   ",$1.99 ,$1.99 ,"85 g, $2.34/100g",Canned & Pickled ,20917566003_EA
Insalatissime Rice and Light Tuna Salad Spicy ,$4.99 ,$4.99 ,"160 g, $3.12/100g",Canned & Pickled ,/p/21353478_EA
Sardines,$1.49 ,$1.49 ,"106 g, $1.41/100g",Canned & Pickled ,/p/21291640_EA
Green Olives with Red Pepper Paste ,$5.49 ,$5.49 ,"375 ml, $1.46/100ml",Canned & Pickled ,/p/20811855_EA
Sardines Boneless Fillets Olive Oil,$2.79 ,$2.79 ,"106 g, $2.63/100g",Canned & Pickled ,/p/21464672_EA
Blue Menu Chicken Breast Seasoned Chunk,$3.49 ,$3.49 ,"142 g, $2.46/100g",Canned & Pickled ,/p/21496551_EA
Lite 25% Less Fat Than Our Regular Luncheon Meat,$4.49 ,$4.49 ,"340 g, $1.32/100g",Canned & Pickled ,/p/20968254_EA
Salmon Sockeye,$5.99 ,$5.99 ,"213 g, $2.81/100g",Canned & Pickled ,/p/21186814_EA
Flaked White Tuna,$3.99 ,$3.99 ,"170 g, $2.35/100g",Canned & Pickled ,/p/21005216_EA
Wild Sardines In Tomato Sauce,$2.29 ,$2.29 ,"125 g, $1.83/100g",Canned & Pickled ,/p/21471628_EA
Flakes of Turkey,$2.19 ,$2.19 ,"142 g, $1.40/100g",Canned & Pickled ,20312728003_EA
Purefoods Corned Beef,$6.99 ,$6.99 ,"340 g, $2.06/100g",Canned & Pickled ,/p/20872681_EA
Liver Spread,$2.29 ,$2.29 ,"78 g, $2.94/100g",Canned & Pickled ,/p/21006850_EA
Green Olives with Garlic,$11.49 ,$11.49 ,"1 l, $1.15/100ml",Canned & Pickled ,/p/20105016_EA
Citrus Pepper Flaked Light Tuna,$1.29 ,$1.29 ,"85 g, $1.52/100g",Canned & Pickled ,20097482003_EA
Tuna Flakes in Oil,$1.89 ,$1.99 ,"180 g, $1.05/100g",Canned & Pickled ,/p/21269139_EA
Organic Kidney Beans,$3.29 ,$3.29 ,"398 ml, $0.83/100ml",Canned & Pickled ,20300173004_EA
Real Hormel Bacon,$4.49 ,$4.49 ,"340 g, $1.32/100g",Canned & Pickled ,/p/20948934_EA
Pho Broth,$2.79 ,$2.79 ,"900 ml, $0.31/100ml",Canned & Pickled ,/p/20981574_EA
Pickled Hot Banana Pepper Rings,$5.29 ,$5.29 ,"750 ml, $0.71/100ml",Canned & Pickled ,20318545001_EA
"Broth, Chicken",$2.79 ,$2.79 ,"284 ml, $0.98/100ml",Canned & Pickled ,20297246006_EA
"Corn Niblets, Less Salt",$1.99 ,$1.99 ,"341 ml, $0.58/100ml",Canned & Pickled ,/p/21021203_EA
Poutine Sauce,$2.49 ,$2.49 ,"398 ml, $0.63/100ml",Canned & Pickled ,20322135003_EA
Whole White Potatoes,$1.49 ,$1.49 ,"540 ml, $0.28/100ml",Canned & Pickled ,20148493001_EA
Accents Spicy Red Pepper,$2.69 ,$2.69 ,"540 ml, $0.50/100ml",Canned & Pickled ,/p/21207589_EA
Assorted Sizes Peas,$1.29 ,$1.29 ,"284 ml, $0.45/100ml",Canned & Pickled ,/p/20632363_EA
Wild Smoked Mackerel in Sunflower Oil,$4.19 ,$4.19 ,"110 g, $3.81/100g",Canned & Pickled ,/p/21283327_EA
Luncheon Meat,$2.28 ,$2.49 ,"340 g, $0.67/100g",Canned & Pickled ,/p/20564672_EA
Whole Water Chestnuts,$1.49 ,$1.49 ,"218 ml, $0.68/100ml",Canned & Pickled ,20687540002_EA
Baked Beans with Pork in Tomato Sauce,$14.99 ,$14.99 ,"12x398.0 ml, $0.31/100ml",Canned & Pickled ,20305821002_EA
"Everyday Gourmet, Tomato Basil Bisque",$3.69 ,$3.69 ,"500 ml, $0.74/100ml",Canned & Pickled ,/p/20756090_EA
Chunky New England Clam Chowder,$3.00 ,$3.00 ,"515 ml, $0.58/100ml",Canned & Pickled ,/p/21480507_EA
"Peas, Assorted Sizes ",$1.29 ,$1.29 ,"398 ml, $0.32/100ml",Canned & Pickled ,/p/20323322_EA
Baby Corn Cut In Brine,$1.99 ,$2.49 ,"425 g, $0.47/100g",Canned & Pickled ,/p/21406917_EA
Corn Medley Southwest Style,$2.89 ,$2.89 ,"398 ml, $0.73/100ml",Canned & Pickled ,/p/21238910_EA
Sliced Water Chestnuts,$0.89 ,$0.89 ,"227 ml, $0.39/100ml",Canned & Pickled ,/p/20805716_EA
Young Green Jackfruit,$1.99 ,$1.99 ,"565 g, $0.35/100g",Canned & Pickled ,/p/20122975_EA
Blue Mackerel Chunks in Tomato Sauce,$2.99 ,$2.99 ,"230 g, $1.30/100g",Canned & Pickled ,/p/21121323_EA
Small Red Beans,$0.99 ,$1.19 ,"540 ml, $0.18/100ml",Canned & Pickled ,/p/21214480_EA
Peperoncini Pepper,$4.79 ,$4.79 ,"750 ml, $0.64/100ml",Canned & Pickled ,20099100001_EA
Accents Diced Tomatoes with Green Pepper,$2.69 ,$2.69 ,"540 ml, $0.50/100ml",Canned & Pickled ,/p/21219102_EA
Imported Spanish Queen Martini Olives,$8.49 ,$8.49 ,"398 ml, $2.13/100ml",Canned & Pickled ,/p/21036026_EA
Pickles Polskie Ogórki Dill,$5.29 ,$5.29 ,"1 l, $0.53/100ml",Canned & Pickled ,20158289004_EA
Cherry Tomatoes,$3.29 ,$3.29 ,"400 g, $0.82/100g",Canned & Pickled ,/p/20934796_EA
Pear Halves in Water,$1.99 ,$1.99 ,"398 ml, $0.50/100ml",Canned & Pickled ,/p/21205148_EA
"Peas, Small",$1.69 ,$1.69 ,"398 ml, $0.42/100ml",Canned & Pickled ,/p/20310986_EA
Miniature Cobs of Corn,$1.79 ,$1.79 ,"398 ml, $0.45/100ml",Canned & Pickled ,/p/20128123_EA
Everyday Gourmet Roasted Potato and Spring Leek,$3.69 ,$3.69 ,"500 ml, $0.74/100ml",Canned & Pickled ,/p/20790408_EA
Mammoth Stuffed Queen Olives,$5.99 ,$5.99 ,"750 ml, $0.80/100ml",Canned & Pickled ,/p/20976639_EA
Heirloom Diced Tomato,$2.49 ,$2.49 ,"398 ml, $0.63/100ml",Canned & Pickled ,/p/21073227_EA
Tomato and Roasted Red Pepper Ready-to-Serve Soup,$2.79 ,$2.79 ,"500 ml, $0.56/100ml",Canned & Pickled ,/p/21545172_EA
"Cream Of Mushroom, Low Fat",$2.79 ,$2.79 ,"284 ml, $0.98/100ml",Canned & Pickled ,20297246001_EA
Garlic Stuffed Olives,$8.49 ,$8.49 ,"398 ml, $2.13/100ml",Canned & Pickled ,/p/21036021_EA
Chunk White Tuna Albacore in Water,$3.99 ,$3.99 ,"170 g, $2.35/100g",Canned & Pickled ,/p/20298493_EA
White Kidney Beans,$0.99 ,$1.19 ,"540 ml, $0.18/100ml",Canned & Pickled ,/p/21214477_EA
Plant Based Chickenless Broth,$2.99 ,$2.99 ,"1 l, $0.30/100ml",Canned & Pickled ,/p/21184643_EA
Ready To Serve Soup Minestrone,$3.79 ,$3.79 ,"540 ml, $0.70/100ml",Canned & Pickled ,/p/21504139_EA
"Tomatoes Diced, No Salt Added",$2.79 ,$2.79 ,"796 ml, $0.35/100ml",Canned & Pickled ,/p/21207605_EA
Capers,$2.19 ,$2.19 ,"100 ml, $2.19/100ml",Canned & Pickled ,/p/20161597_EA
Chicken and Rice Soup,$3.79 ,$3.79 ,"540 ml, $0.70/100ml",Canned & Pickled ,/p/21203781_EA
Mild Kidney Beans ,$2.49 ,$2.49 ,"398 ml, $0.63/100ml",Canned & Pickled ,/p/21480586_EA
Fruit Cocktail in Juice,$2.99 ,$2.99 ,"398 ml, $0.75/100ml",Canned & Pickled ,20296567006_EA
Slow Cooked Beans with Pork and Molasses,$1.29 ,$1.29 ,"398 ml, $0.32/100ml",Canned & Pickled ,20314839006_EA
Savoury Beans Black Bean Fiesta,$2.49 ,$2.49 ,"398 ml, $0.63/100ml",Canned & Pickled ,/p/21217679_EA
Organic Chick Peas,$3.29 ,$3.29 ,"398 ml, $0.83/100ml",Canned & Pickled ,20300173001_EA
Marinated Mixed Bean Salad,$1.99 ,$1.99 ,"540 ml, $0.37/100ml",Canned & Pickled ,/p/20017763_EA
Pear Halves in Fruit Juice from Concentrate,$1.99 ,$1.99 ,"398 ml, $0.50/100ml",Canned & Pickled ,/p/20618934_EA
"Chick Peas, No Salt Added",$1.99 ,$1.99 ,"540 ml, $0.37/100ml",Canned & Pickled ,/p/20682748_EA
Pear Halves in Light Syrup,$3.49 ,$3.49 ,"796 ml, $0.44/100ml",Canned & Pickled ,/p/20618884_EA
"No Sugar Added, Pear, Halves, in Water",$2.99 ,$2.99 ,"398 ml, $0.75/100ml",Canned & Pickled ,20296567008_EA
"Beans, Pork & Molasses",$1.99 ,$1.99 ,"398 ml, $0.50/100ml",Canned & Pickled ,20177278003_EA
Red Kidney Beans,$1.99 ,$1.99 ,"796 ml, $0.25/100ml",Canned & Pickled ,/p/21214490_EA
Fruit Salad in Fruit Juice from Concentrate,$3.79 ,$3.79 ,"540 ml, $0.70/100ml",Canned & Pickled ,/p/20671325_EA
"Lima Beans, Large",$2.49 ,$2.49 ,"540 ml, $0.46/100ml",Canned & Pickled ,/p/20299827_EA
Tropical Fruit Salad,$10.49 ,$10.49 ,"2.84 l, $0.37/100ml",Canned & Pickled ,/p/20147947_EA
Beans Navy,$1.49 ,$1.49 ,"540 ml, $0.28/100ml",Canned & Pickled ,20325921006_EA
Peach Slices in Fruit Juice From Concentrate,$3.79 ,$3.79 ,"540 ml, $0.70/100ml",Canned & Pickled ,/p/20675685_EA
Chipotle BBQ Style Beans in a Smokey BBQ Sauce,$1.99 ,$1.99 ,"398 ml, $0.50/100ml",Canned & Pickled ,20177278007_EA
Garlic Baby Dill Pickles,$5.29 ,$5.29 ,"1 l, $0.53/100ml",Canned & Pickled ,20186083001_EA
"Flaked Light Tuna, Lemon & Pepper",$1.99 ,$1.99 ,"85 g, $2.34/100g",Canned & Pickled ,20315581007_EA
Sardines In Soy Oil   ,$1.99 ,$1.99 ,"125 g, $1.59/100g",Canned & Pickled ,/p/21024465_EA
Tocino Flavoured,$3.99 ,$5.49 ,"340 g, $1.17/100g",Canned & Pickled ,/p/21450739_EA
Pickled Wild Cucumbers,$4.99 ,$5.99 ,"1 kg, $0.50/100g",Canned & Pickled ,/p/21237978_EA
Boneless & Skinless Sustainably Sourced Wild Pacific Pink Salmon,$3.29 ,$3.29 ,"170 g, $1.94/100g",Canned & Pickled ,/p/20548711_EA
Mackerel in Olive Oil,$3.79 ,$3.79 ,"115 g, $3.30/100g",Canned & Pickled ,/p/21083426_EA
Chickpeas,$2.49 ,$2.49 ,"398 ml, $0.63/100ml",Canned & Pickled ,/p/21403992_EA
Solid White Tuna,$3.99 ,$3.99 ,"170 g, $2.35/100g",Canned & Pickled ,/p/21005158_EA
Pink Salmon,$4.79 ,$4.79 ,"150 g, $3.19/100g",Canned & Pickled ,/p/20347285_EA
"Sardines in Tomato Sauce, Hot",$1.39 ,$1.39 ,"155 g, $0.90/100g",Canned & Pickled ,20162263001_EA
Snack Kit Light Tuna ,$2.99 ,$2.99 ,"103 g, $3.15/100g",Canned & Pickled ,/p/20917500_EA
Palm Liver Spread,$3.79 ,$3.79 ,"227 g, $1.67/100g",Canned & Pickled ,/p/20346473_EA
Sardines in Tomato Sauce,$2.19 ,$2.19 ,"425 g, $0.52/100g",Canned & Pickled ,/p/20738419_EA
Chicken Noodle  Soup,$3.49 ,$3.49 ,"540 ml, $0.65/100ml",Canned & Pickled ,/p/21313335_EA
Kesar Mango Pulp,$3.99 ,$4.29 ,"850 g, $0.47/100g",Canned & Pickled ,/p/20683769_EA
In Light Fruit Juice Syrup Mandarin Oranges,$4.99 ,$4.99 ,"540 ml, $0.92/100ml",Canned & Pickled ,/p/21297564_EA
Pineapple Tidbits in Pineapple Juice,$2.29 ,$2.29 ,"398 ml, $0.58/100ml",Canned & Pickled ,20136767001_EA
"Sardines, Lightly Smoked In Soy Oil",$2.99 ,$2.99 ,"106 g, $2.82/100g",Canned & Pickled ,20549485003_EA
San Marino Corned Tuna,$2.29 ,$2.49 ,"180 g, $1.27/100g",Canned & Pickled ,/p/20875063_EA
Corned Beef,$4.88 ,$5.99 ,"326 g, $1.50/100g",Canned & Pickled ,/p/20416342_EA
Corned Beef ,$4.79 ,$4.79 ,"340 g, $1.41/100g",Canned & Pickled ,/p/21295614_EA
Lentils,$1.49 ,$1.49 ,"540 ml, $0.28/100ml",Canned & Pickled ,/p/20540269_EA
Mild Jalapeño Peppers,$5.99 ,$5.99 ,"375 ml, $1.60/100ml",Canned & Pickled ,/p/20884600_EA
Dry Pigeon Peas,$1.99 ,$1.99 ,"540 ml, $0.37/100ml",Canned & Pickled ,/p/20038332_EA
Chili Bamboo Shoot Strip,$4.19 ,$4.19 ,"340 g, $1.23/100g",Canned & Pickled ,/p/21029879_EA
Peperoncini Chopped Hot Chili Peppers In Oil,$6.99 ,$6.99 ,"270 g, $2.59/100g",Canned & Pickled ,/p/21046756_EA
SwissChalet Sauce Dipping,$1.99 ,$1.99 ,"284 ml, $0.70/100ml",Canned & Pickled ,/p/21080165_EA
Condensed Soup Vegetable,$1.49 ,$1.49 ,"284 ml, $0.52/100ml",Canned & Pickled ,/p/21215959_EA
"Broth, Beef",$2.79 ,$2.79 ,"284 ml, $0.98/100ml",Canned & Pickled ,20297246005_EA
Rich & Chunky Chicken Noodle Soup,$2.89 ,$2.89 ,"540 ml, $0.54/100ml",Canned & Pickled ,/p/21360109_EA
"Tomatoes Diced, Club Pack",$17.49 ,$17.49 ,"8x796.0 ml, $0.27/100ml",Canned & Pickled ,p/21207788_C08
Condensed Cream Of Mushroom Soup,$0.99 ,$0.99 ,"284 ml, $0.35/100ml",Canned & Pickled ,/p/20302431_EA
Pickled Mustard,$1.49 ,$1.69 ,"300 g, $0.50/100g",Canned & Pickled ,/p/21446291_EA
Ready To Serve Soup Creamy Chicken,$3.79 ,$3.79 ,"540 ml, $0.70/100ml",Canned & Pickled ,/p/21504043_EA
Bread & Butter Sweet Pickles,$4.99 ,$4.99 ,"1 l, $0.50/100ml",Canned & Pickled ,20433560001_EA
Hearty Chicken Noodle Soup,$3.49 ,$3.49 ,"540 ml, $0.65/100ml",Canned & Pickled ,/p/21360265_EA
"Kosher Baby Dill Pickles, Garlic",$5.79 ,$5.79 ,"1 l, $0.58/100ml",Canned & Pickled ,20055863001_EA
Portuguese Sardines in Hot Sauce,$2.79 ,$2.79 ,"120 g, $2.33/100g",Canned & Pickled ,20543253001_EA
Cranberry Orange Sauce,$4.99 ,$4.99 ,"400 ml, $1.25/100ml",Canned & Pickled ,/p/20079142_EA
Pineapple Slices in Pineapple Juice,$2.29 ,$2.29 ,"398 ml, $0.58/100ml",Canned & Pickled ,20136767002_EA
"Chicken Snacks, Original",$2.29 ,$2.29 ,"99 g, $2.31/100g",Canned & Pickled ,/p/20821019_EA
Spicy Thai Chili Flaked Light Tuna,$1.29 ,$1.29 ,"85 g, $1.52/100g",Canned & Pickled ,20097482001_EA
"Tuna Salad Kit, Classic",$2.29 ,$2.29 ,"90 g, $2.54/100g",Canned & Pickled ,20304782001_EA
Bistro Bowls Mediterranean Pasta,$3.99 ,$3.99 ,"170 g, $2.35/100g",Canned & Pickled ,/p/21206653_EA
Sardines In Tomato Sauce,$0.99 ,$0.99 ,"155 g, $0.64/100g",Canned & Pickled ,/p/21530365_EA
Smoked Whole Responsibly Farmed Oysters In Sunflower Oil,$1.99 ,$1.99 ,"85 g, $2.34/100g",Canned & Pickled ,/p/21193916_EA
Wild Pacific Pink Salmon,$4.79 ,$4.79 ,"213 g, $2.25/100g",Canned & Pickled ,/p/20003420_EA
Solid Light Tuna in Olive Oil,$6.29 ,$6.29 ,"240 g, $2.62/100g",Canned & Pickled ,/p/21283322_EA
Flakes of Ham by Maple Leaf,$3.29 ,$3.29 ,"156 g, $2.11/100g",Canned & Pickled ,20298273001_EA
Crabmeat,$4.29 ,$4.29 ,"170 g, $2.52/100g",Canned & Pickled ,/p/20330822_EA
Marinated Artichokes,$7.49 ,$7.49 ,"1 l, $0.75/100ml",Canned & Pickled ,/p/20133798_EA
"Sardines, Spring Water",$2.19 ,$2.19 ,"106 g, $2.07/100g",Canned & Pickled ,20322242001_EA
Salmon Fillet In Extra Virgin Olive Oil,$8.49 ,$8.49 ,"125 g, $6.79/100g",Canned & Pickled ,/p/21385413_EA
"Crabmeat, 15% Leg Meat",$5.29 ,$5.29 ,"120 g, $4.41/100g",Canned & Pickled ,/p/20418486_EA
SwissChalet Sauce Hot Chicken Sandwich Homestyle Gravy,$1.99 ,$1.99 ,"284 ml, $0.70/100ml",Canned & Pickled ,/p/21080164_EA
Diced Tomatoes with Italian Spices,$2.79 ,$2.79 ,"796 ml, $0.35/100ml",Canned & Pickled ,/p/21207592_EA
Butternut Squash and Garlic Ready-to-Serve Soup,$2.79 ,$2.79 ,"500 ml, $0.56/100ml",Canned & Pickled ,/p/21545445_EA
Chunky Ready To Serve Soup Spicy Chicken Noodle,$3.69 ,$3.69 ,"515 ml, $0.72/100ml",Canned & Pickled ,/p/21547142_EA
"Kitchen Basics  Cooking Stock, Unsalted Chicken",$3.29 ,$3.29 ,"946 ml, $0.35/100ml",Canned & Pickled ,/p/20885312_EA
Cut Wax Beans,$1.69 ,$1.69 ,"398 ml, $0.42/100ml",Canned & Pickled ,/p/20632168_EA
Chunky Chicken Vegetable Pot Pie,$3.00 ,$3.00 ,"515 ml, $0.58/100ml",Canned & Pickled ,/p/21480486_EA
Mixed Fruit with Cherries in Light Syrup,$3.49 ,$3.49 ,"796 ml, $0.44/100ml",Canned & Pickled ,20628590002_EA
"Light Tuna, Solid in Oil",$1.29 ,$1.29 ,"99 g, $1.30/100g",Canned & Pickled ,/p/20040265_EA
Sandwich Savers Extra Garlic Pickles,$4.79 ,$4.79 ,"500 ml, $0.96/100ml",Canned & Pickled ,20299801003_EA
"Cream of Chicken, No Salt Added",$2.79 ,$2.79 ,"284 ml, $0.98/100ml",Canned & Pickled ,/p/20984618_EA
Homestyle Chicken Noodle Condensed Soup,$2.79 ,$2.79 ,"284 ml, $0.98/100ml",Canned & Pickled ,/p/20984016_EA
"Flaked Light Tuna,",$10.89 ,$10.89 ,"6x170.0 g, $1.07/100g",Canned & Pickled ,/p/21004238_EA
"Cream of Chicken Soup, Low Fat",$2.79 ,$2.79 ,"284 ml, $0.98/100ml",Canned & Pickled ,20297246007_EA
"Diced Tomatoes, No Salt Added",$2.49 ,$2.49 ,"796 ml, $0.31/100ml",Canned & Pickled ,20314629003_EA
30% Less Sodium Beef Broth,$2.79 ,$2.79 ,"900 ml, $0.31/100ml",Canned & Pickled ,20322348004_EA
"Corn Niblets, Whole Kernel",$1.69 ,$1.69 ,"199 ml, $0.85/100ml",Canned & Pickled ,/p/21021201_EA
"Cream of Mushroom, No Salt Added",$2.79 ,$2.79 ,"284 ml, $0.98/100ml",Canned & Pickled ,/p/20984506_EA
Heirloom Early Harvest Tomatoes Crushed,$3.99 ,$3.99 ,"796 ml, $0.50/100ml",Canned & Pickled ,/p/21516696_EA
Whole Hearts Of Palm,$3.49 ,$3.49 ,"398 ml, $0.88/100ml",Canned & Pickled ,/p/20171693_EA
Pacific Mackerel In Tomato Sauce ,$2.69 ,$2.69 ,"425 g, $0.63/100g",Canned & Pickled ,/p/20738496_EA
"Tuna Salad Kit, Lemon & Pepper",$2.29 ,$2.29 ,"90 g, $2.54/100g",Canned & Pickled ,20526348002_EA
Young Green Jackfruit In Brine,$2.79 ,$2.79 ,"540 g, $0.52/100g",Canned & Pickled ,/p/21447860_EA
Bean with Bacon,$2.79 ,$2.79 ,"284 ml, $0.98/100ml",Canned & Pickled ,/p/20979728_EA
"Cream of Chicken Condensed Soup, 50% Less Fat",$1.49 ,$1.49 ,"284 ml, $0.52/100ml",Canned & Pickled ,/p/21360400_EA
Sweet Mix Pickles,$5.29 ,$5.29 ,"1 l, $0.53/100ml",Canned & Pickled ,20186083007_EA
Spicy Tuna with Hot Pepper Sauce & Vegetables,$3.99 ,$3.99 ,"150 g, $2.66/100g",Canned & Pickled ,/p/21457667_EA
Quail Eggs In Water,$3.99 ,$4.99 ,"425 g, $0.94/100g",Canned & Pickled ,/p/21453362_EA
"Wild Salmon Red Pacific, 3 Pack",$13.49 ,$13.49 ,"142 g, $3.17/100g",Canned & Pickled ,/p/21284784_EA
Liver Spread ,$2.99 ,$2.99 ,"78 g, $3.83/100g",Canned & Pickled ,/p/21094739_EA
French Style Green Beans,$1.99 ,$1.99 ,"398 ml, $0.50/100ml",Canned & Pickled ,/p/21021210_EA
Chicken Broth Condensed,$1.49 ,$1.49 ,"284 ml, $0.52/100ml",Canned & Pickled ,/p/21360075_EA
Chicken Broth,$1.99 ,$1.99 ,"900 ml, $0.22/100ml",Canned & Pickled ,/p/21189891_EA
"Dill Pickles, Zesty",$5.79 ,$5.79 ,"1 l, $0.58/100ml",Canned & Pickled ,20157347003_EA
"Corn Niblets, Whole Kernel",$2.49 ,$2.49 ,"540 ml, $0.46/100ml",Canned & Pickled ,/p/21021207_EA
Dill Pickles With Garlic,$3.29 ,$3.29 ,"1 l, $0.33/100ml",Canned & Pickled ,/p/20326255_EA
Clingstone Peach Halves in Light Syrup    ,$3.49 ,$3.49 ,"796 ml, $0.44/100ml",Canned & Pickled ,/p/20618882_EA
"Chicken Noodle Soup, Club Pack",$16.99 ,$16.99 ,"12x284.0 ml, $0.50/100ml",Canned & Pickled ,20016069004_EA
Colossal Stuffed Queen Olives,$4.79 ,$4.79 ,"500 ml, $0.96/100ml",Canned & Pickled ,/p/20051164_EA
Whole Water Chestnuts    ,$2.19 ,$2.19 ,"227 ml, $0.96/100ml",Canned & Pickled ,20029000001_EA
Condensed Tomato Soup,$0.99 ,$0.99 ,"284 ml, $0.35/100ml",Canned & Pickled ,/p/20618885_EA
Beef Ravioli,$4.49 ,$4.49 ,"1.13 kg, $0.40/100g",Canned & Pickled ,20170040001_EA
Sandwich Savers Tangy Dill Pickles,$4.79 ,$4.79 ,"500 ml, $0.96/100ml",Canned & Pickled ,20299801001_EA
Sweet & Spicy Chili Sardines,$2.99 ,$2.99 ,"106 g, $2.82/100g",Canned & Pickled ,/p/21190765_EA
Baked Beans - Molasses with Pork,$2.49 ,$2.49 ,"398 ml, $0.63/100ml",Canned & Pickled ,/p/20940466_EA
Hot Chili With Beans,$3.99 ,$3.99 ,"425 g, $0.94/100g",Canned & Pickled ,/p/21533942_EA
Blaturtle Beans     ,$0.99 ,$1.19 ,"540 ml, $0.18/100ml",Canned & Pickled ,/p/21214469_EA
Tropical Fruit In Water,$3.99 ,$3.99 ,"540 ml, $0.74/100ml",Canned & Pickled ,/p/21484256_EA
Sweetened Apple Sauce,$2.99 ,$2.99 ,"620 ml, $0.48/100ml",Canned & Pickled ,/p/21379757_EA
Chicken Luncheon Meat,$2.99 ,$2.99 ,"340 g, $0.88/100g",Canned & Pickled ,/p/21422019_EA
Village Pork Pate with Paprika,$2.79 ,$2.79 ,"130 g, $2.15/100g",Canned & Pickled ,20114487003_EA
Concentrated Vegetable Broth,$2.79 ,$2.79 ,"250 ml, $1.12/100ml",Canned & Pickled ,/p/21347258_EA
No Garlic Dill Pickles,$5.29 ,$5.29 ,"1 l, $0.53/100ml",Canned & Pickled ,20158289003_EA
French-Canadian Pea Soup,$2.99 ,$2.99 ,"796 ml, $0.38/100ml",Canned & Pickled ,20299690001_EA
Cream of Mushroom Ready to Serve Soup,$3.69 ,$3.69 ,"515 ml, $0.72/100ml",Canned & Pickled ,/p/21479122_EA
50% Less Salt Garlic Baby Dill Pickles,$5.29 ,$5.29 ,"1 l, $0.53/100ml",Canned & Pickled ,20186083002_EA
Crushed Pineapple in Pineapple Juice,$1.79 ,$1.79 ,"540 ml, $0.33/100ml",Canned & Pickled ,/p/21097615_EA
Faba Beans Foul Medamas,$0.99 ,$1.19 ,"540 ml, $0.18/100ml",Canned & Pickled ,/p/21238066_EA
"Diced Tomatoes, No Salt Added",$2.49 ,$2.49 ,"796 ml, $0.31/100ml",Canned & Pickled ,20314629003_EA
Heirloom Early Harvest Tomatoes Crushed,$3.99 ,$3.99 ,"796 ml, $0.50/100ml",Canned & Pickled ,/p/21516696_EA
Sweet Mix Pickles,$5.29 ,$5.29 ,"1 l, $0.53/100ml",Canned & Pickled ,20186083007_EA
Spicy Tuna with Hot Pepper Sauce & Vegetables,$3.99 ,$3.99 ,"150 g, $2.66/100g",Canned & Pickled ,/p/21457667_EA
Lychee in Syrup,$2.79 ,$2.79 ,"540 ml, $0.52/100ml",Canned & Pickled ,/p/20832501_EA
Tangy No Garlic Baby Dill Pickles,$5.29 ,$5.29 ,"1 l, $0.53/100ml",Canned & Pickled ,20186083005_EA
Sliced Pears in Fruit Juice from Concentrate,$3.79 ,$3.79 ,"540 ml, $0.70/100ml",Canned & Pickled ,/p/20671326_EA
"Olives, Hot & Spicy",$3.79 ,$3.79 ,"375 ml, $1.01/100ml",Canned & Pickled ,/p/20563014_EA
Liver Spread ,$2.99 ,$2.99 ,"78 g, $3.83/100g",Canned & Pickled ,/p/21094739_EA
"Soup, Chicken With Rice",$2.79 ,$2.79 ,"284 ml, $0.98/100ml",Canned & Pickled ,/p/20984661_EA
Blazin' Roadhouse Chili-Style Ready to Serve Soup,$3.00 ,$3.00 ,"515 ml, $0.58/100ml",Canned & Pickled ,/p/21480390_EA
"Kalamata Olives, Greek",$4.19 ,$4.19 ,"375 ml, $1.12/100ml",Canned & Pickled ,20324967001_EA
Whole Tomatoes,$2.29 ,$2.29 ,"796 ml, $0.29/100ml",Canned & Pickled ,/p/20328587_EA
Fruit Cocktail In Water,$1.99 ,$1.99 ,"398 ml, $0.50/100ml",Canned & Pickled ,/p/21409686_EA
Peach Slices in Light Syrup,$2.99 ,$2.99 ,"398 ml, $0.75/100ml",Canned & Pickled ,/p/20109862_EA
Sweetened Kesar Mango Pulp,$4.99 ,$4.99 ,"850 g, $0.59/100g",Canned & Pickled ,/p/21310821_EA
Classique Chili With Beans,$3.99 ,$3.99 ,"425 g, $0.94/100g",Canned & Pickled ,/p/20091906_EA
Chicken And Beef Luncheon Meat,$3.19 ,$3.19 ,"340 g, $0.94/100g",Canned & Pickled ,/p/21502082_EA
Chicken Bone Broth,$3.99 ,$3.99 ,"900 ml, $0.44/100ml",Canned & Pickled ,/p/21205139_EA
Premium Diced Tomatoes,$2.49 ,$2.49 ,"796 ml, $0.31/100ml",Canned & Pickled ,/p/20966759_EA
Pole & Line Fish Pieces  ,$2.99 ,$2.99 ,"170 g, $1.76/100g",Canned & Pickled ,/p/20916584_EA
Curried Red Lentil Ready-to-Serve Soup,$2.79 ,$2.79 ,"500 ml, $0.56/100ml",Canned & Pickled ,/p/21545090_EA
Cut Green Beans,$1.69 ,$1.69 ,"398 ml, $0.42/100ml",Canned & Pickled ,/p/20069306_EA
Quail Eggs In Water,$3.99 ,$4.99 ,"425 g, $0.94/100g",Canned & Pickled ,/p/21453362_EA
"Wild Salmon Red Pacific, 3 Pack",$13.49 ,$13.49 ,"142 g, $3.17/100g",Canned & Pickled ,/p/21284784_EA
Traditional Minestrone Soup,$2.99 ,$2.99 ,"796 ml, $0.38/100ml",Canned & Pickled ,20299690003_EA
Fruit Cocktail in Light Syrup,$3.49 ,$3.49 ,"796 ml, $0.44/100ml",Canned & Pickled ,/p/20618823_EA
Fried Pacific Mackerel With Salted Black Beans ,$2.69 ,$2.69 ,"227 g, $1.19/100g",Canned & Pickled ,/p/20738490_EA
Thai Red Curry Soup,$4.69 ,$4.69 ,"398 ml, $1.18/100ml",Canned & Pickled ,20596863002_EA
Pole & Line Flaked Fish  ,$2.99 ,$2.99 ,"170 g, $1.76/100g",Canned & Pickled ,/p/20917079_EA
Chicken Noodle Soup,$1.49 ,$1.49 ,"284 ml, $0.52/100ml",Canned & Pickled ,/p/20833957_EA
Slow Burn Homestyle Pork Chili With Beans,$3.99 ,$3.99 ,"425 g, $0.94/100g",Canned & Pickled ,/p/21422906_EA
Soya Chaap,$4.99 ,$4.99 ,"800 g, $0.62/100g",Canned & Pickled ,/p/21416314_EA
Mini Bites,$1.99 ,$1.99 ,"425 g, $0.47/100g",Canned & Pickled ,20312500004_EA
"Flaked Light Tuna, Sundried Tomato & Basil",$1.99 ,$1.99 ,"85 g, $2.34/100g",Canned & Pickled ,20315581004_EA
"Sardines, Soy Oil",$2.19 ,$2.19 ,"106 g, $2.07/100g",Canned & Pickled ,20322242002_EA
Cooked Ham ,$4.79 ,$4.79 ,"340 g, $1.41/100g",Canned & Pickled ,/p/21295640_EA
Organic Pinto Beans,$3.29 ,$3.29 ,"398 ml, $0.83/100ml",Canned & Pickled ,20300173002_EA
Canned Luncheon Meat    ,$3.49 ,$3.49 ,"340 g, $1.03/100g",Canned & Pickled ,/p/20618778_EA
Sardines In Spring Water   ,$1.99 ,$1.99 ,"125 g, $1.59/100g",Canned & Pickled ,/p/21024464_EA
"Sardines, Mediterranean",$2.99 ,$2.99 ,"106 g, $2.82/100g",Canned & Pickled ,20549485002_EA
Chickpeas,$1.49 ,$1.49 ,"540 ml, $0.28/100ml",Canned & Pickled ,/p/20540264_EA
Sarson Ka Saag,$4.49 ,$4.79 ,"850 g, $0.53/100g",Canned & Pickled ,/p/20185995_EA
Tuna,$1.89 ,$1.99 ,"180 g, $1.05/100g",Canned & Pickled ,/p/21269130_EA
"Seafood Snacks, Kippered",$2.19 ,$2.19 ,"100 g, $2.19/100g",Canned & Pickled ,20318426001_EA
Skinless Boneless Sardines In Sunflower Oil,$3.39 ,$3.39 ,"124 g, $2.73/100g",Canned & Pickled ,/p/21335518_EA
Whole Baby Clams,$2.99 ,$2.99 ,"142 g, $1.05/100g",Canned & Pickled ,/p/20333251_EA
Flakes of Chicken by Maple Leaf,$3.29 ,$3.29 ,"156 g, $2.11/100g",Canned & Pickled ,20298273005_EA
Dark Red Kidney Beans,$1.49 ,$1.49 ,"540 ml, $0.28/100ml",Canned & Pickled ,/p/20111048_EA
"Flaked Light Tuna, Lemon Ginger with Sesame",$1.99 ,$1.99 ,"85 g, $2.34/100g",Canned & Pickled ,/p/21031438_EA
Vienna Sausage by Maple Leaf,$2.29 ,$2.29 ,"113 g, $2.03/100g",Canned & Pickled ,/p/20617958_EA
Skipjack In Chili Infused Oil Solid Light Tuna,$6.29 ,$6.29 ,"240 g, $2.62/100g",Canned & Pickled ,/p/21283319_EA
Solid White Tuna Albacore in Water,$3.99 ,$3.99 ,"170 g, $2.35/100g",Canned & Pickled ,20326358001_EA
"Flaked Light Tuna, Sriracha",$1.99 ,$1.99 ,"85 g, $2.34/100g",Canned & Pickled ,/p/21031441_EA
Extra Large Pitted Ripe Olives,$1.97 ,$1.97 ,"398 ml, $0.49/100ml",Canned & Pickled ,/p/20322176_EA
Spanish Cocktail Olives,$1.99 ,$1.99 ,"375 ml, $0.53/100ml",Canned & Pickled ,/p/20309006_EA
Olives Stuffed With Almonds,$5.99 ,$5.99 ,"375 ml, $1.60/100ml",Canned & Pickled ,/p/20157024_EA
Whole Kernel Corn,$1.29 ,$1.29 ,"341 ml, $0.38/100ml",Canned & Pickled ,/p/21504776_EA
Crunchy Gherkins,$7.49 ,$7.49 ,"375 ml, $2.00/100ml",Canned & Pickled ,/p/20065033_EA
Pickled Hot Banana Pepper Rings,$4.79 ,$4.79 ,"750 ml, $0.64/100ml",Canned & Pickled ,/p/20297058_EA
Peach Halves In Light Syrup,$4.79 ,$4.79 ,"796 ml, $0.60/100ml",Canned & Pickled ,20299631001_EA
Butter Beans,$1.99 ,$1.99 ,"540 ml, $0.37/100ml",Canned & Pickled ,/p/20183206_EA
Riga Sprats,$2.99 ,$2.99 ,"160 g, $1.87/100g",Canned & Pickled ,/p/20121374_EA
World of Flavours Indian Chicken Mulligatawny,$3.49 ,$3.49 ,"540 ml, $0.65/100ml",Canned & Pickled ,/p/21360118_EA
Chickpea And Faba Bean Mix  ,$0.99 ,$1.19 ,"540 ml, $0.18/100ml",Canned & Pickled ,/p/21214478_EA
Rich & Chunky Beef Soup,$2.89 ,$2.89 ,"540 ml, $0.54/100ml",Canned & Pickled ,/p/21360096_EA
Olives Stuffed With Garlic,$5.99 ,$5.99 ,"375 ml, $1.60/100ml",Canned & Pickled ,/p/20319890_EA
Medium Pitted Ripe Olives,$1.97 ,$1.97 ,"398 ml, $0.49/100ml",Canned & Pickled ,/p/20313108_EA
Condensed Soup Cream Of Celery,$1.49 ,$1.49 ,"284 ml, $0.52/100ml",Canned & Pickled ,/p/21360360_EA
Wild Sardines In Olive Oil,$3.59 ,$3.59 ,"125 g, $2.87/100g",Canned & Pickled ,/p/21308670_EA
"Canned Soup, Condensed Cooking Cream Cauliflower",$2.79 ,$2.79 ,"284 ml, $0.98/100ml",Canned & Pickled ,/p/21194216_EA
Creamy Style Sweet Corn,$1.69 ,$1.69 ,"284 ml, $0.60/100ml",Canned & Pickled ,/p/21021166_EA
Crushed Tomatoes. No Salt Added,$2.49 ,$2.49 ,"796 ml, $0.31/100ml",Canned & Pickled ,/p/21024447_EA
Peas & Carrots,$1.29 ,$1.29 ,"398 ml, $0.32/100ml",Canned & Pickled ,/p/20305513_EA
"Wild Pacific Pink Salmon, Sustainably Sourced ",$3.29 ,$3.29 ,"170 g, $1.94/100g",Canned & Pickled ,/p/21378762_EA
Diced White Potatoes,$1.49 ,$1.49 ,"540 ml, $0.28/100ml",Canned & Pickled ,20148493003_EA
Baby Dill Pickles With Garlic Club Size,$5.79 ,$5.79 ,"2 l, $0.29/100ml",Canned & Pickled ,/p/20300000_EA
"Aroy-D, Green Curry",$2.88 ,$3.19 ,"400 g, $0.72/100g",Canned & Pickled ,20061348001_EA
Romano Beans,$1.99 ,$1.99 ,"540 ml, $0.37/100ml",Canned & Pickled ,20313447004_EA
Plant Based Original Jackfruit ,$2.79 ,$2.79 ,"300 g, $0.93/100g",Canned & Pickled ,/p/21426948_EA
Bush Brown Sugar Hickory,$2.49 ,$2.49 ,"398 ml, $0.63/100ml",Canned & Pickled ,20101518005_EA
Sliced Peaches In Water,$3.99 ,$3.99 ,"540 ml, $0.74/100ml",Canned & Pickled ,/p/21484248_EA
Spicy Chili,$4.49 ,$4.49 ,"425 g, $1.06/100g",Canned & Pickled ,/p/21392464_EA
Beans with Pork and Tomato Sauce,$1.49 ,$1.49 ,"398 ml, $0.37/100ml",Canned & Pickled ,/p/21235697_EA
Beans in Maple Syrup,$1.49 ,$1.49 ,"398 ml, $0.37/100ml",Canned & Pickled ,/p/21235336_EA
Plant Based Tex Mex Jackfruit ,$2.79 ,$2.79 ,"300 g, $0.93/100g",Canned & Pickled ,/p/21427006_EA
Fava Beans,$1.49 ,$1.49 ,"540 ml, $0.28/100ml",Canned & Pickled ,/p/20554592_EA
Bean Medley,$1.99 ,$1.99 ,"540 ml, $0.37/100ml",Canned & Pickled ,20313447007_EA
"Pear, Halves, in Juice",$3.49 ,$3.49 ,"796 ml, $0.44/100ml",Canned & Pickled ,/p/20618940_EA
"Peach Slices, Water Packed No Sugar Added    ",$2.99 ,$2.99 ,"398 ml, $0.75/100ml",Canned & Pickled ,20296567001_EA
In Light Fruit Juice Syrup Pineapple Chunks,$4.99 ,$4.99 ,"540 ml, $0.92/100ml",Canned & Pickled ,/p/21297599_EA
Plant Based Barbecue Jackfruit ,$2.79 ,$2.79 ,"300 g, $0.93/100g",Canned & Pickled ,/p/21426940_EA
Herbed Chicken & Spices Rich & Thick Stock,$3.79 ,$3.79 ,"500 ml, $0.76/100ml",Canned & Pickled ,/p/21471665_EA
"Cream of Mushroom Soup, Club Pack",$16.99 ,$16.99 ,"12x284.0 ml, $0.50/100ml",Canned & Pickled ,20016069001_EA
"Homestyle Chicken Noodle, Light",$2.79 ,$2.79 ,"284 ml, $0.98/100ml",Canned & Pickled ,/p/20980378_EA
Roast Beef Gravy,$2.49 ,$2.49 ,"398 ml, $0.63/100ml",Canned & Pickled ,20322135010_EA
Creamy Tomato Ready to Serve Soup,$3.69 ,$3.69 ,"515 ml, $0.72/100ml",Canned & Pickled ,/p/21479186_EA
Diced Tomatoes,$2.29 ,$2.29 ,"796 ml, $0.29/100ml",Canned & Pickled ,/p/20034188_EA
Pea Soup with Smoked Ham,$2.99 ,$2.99 ,"796 ml, $0.38/100ml",Canned & Pickled ,20299690002_EA
Dill Pickles With Garlic,$5.79 ,$5.79 ,"2 l, $0.29/100ml",Canned & Pickled ,/p/20313986_EA
Jack Mackerel in Tomato Sauce,$3.49 ,$3.49 ,"425 g, $0.82/100g",Canned & Pickled ,/p/20156203_EA
Condensed Beef Consommé ,$1.49 ,$1.49 ,"284 ml, $0.52/100ml",Canned & Pickled ,/p/21360330_EA
Tomato Basil Flaked Light Tuna,$1.29 ,$1.29 ,"85 g, $1.52/100g",Canned & Pickled ,20097482002_EA
Sushi Ginger,$1.69 ,$1.69 ,"210 g, $0.80/100g",Canned & Pickled ,/p/21100328_EA
"Black Olives, Sliced",$3.79 ,$3.79 ,"375 ml, $1.01/100ml",Canned & Pickled ,20324873001_EA
Chunky Vegetable Beef,$3.00 ,$3.00 ,"515 ml, $0.58/100ml",Canned & Pickled ,/p/21480435_EA
Butter Chicken Ready to Serve Soup ,$3.00 ,$3.00 ,"515 ml, $0.58/100ml",Canned & Pickled ,/p/21480454_EA
Condensed Chicken Noodle Soup,$0.99 ,$0.99 ,"284 ml, $0.35/100ml",Canned & Pickled ,/p/20301663_EA
Corn Medley Mediterranean Style,$2.89 ,$2.89 ,"398 ml, $0.73/100ml",Canned & Pickled ,/p/21238915_EA
Spanish Queen Olives,$1.99 ,$1.99 ,"375 ml, $0.53/100ml",Canned & Pickled ,/p/20084432_EA
Instant Red Curry,$1.99 ,$3.29 ,"400 g, $0.50/100g",Canned & Pickled ,/p/21407055_EA
Creamy Style Sweet Corn,$2.49 ,$2.49 ,"540 ml, $0.46/100ml",Canned & Pickled ,/p/21021197_EA
New England Clam Chowder Ready to Serve Soup,$3.69 ,$3.69 ,"515 ml, $0.72/100ml",Canned & Pickled ,/p/21479080_EA
Small White Navy Beans,$0.99 ,$1.19 ,"540 ml, $0.18/100ml",Canned & Pickled ,/p/21214471_EA
Peaches & Mandarins in Juice from Concentrate,$3.49 ,$3.49 ,"796 ml, $0.44/100ml",Canned & Pickled ,/p/20618857_EA
"Everyday Gourmet, Golden Butternut Squash",$3.69 ,$3.69 ,"500 ml, $0.74/100ml",Canned & Pickled ,/p/20756264_EA
Cream of Broccoli Soup,$3.79 ,$3.79 ,"540 ml, $0.70/100ml",Canned & Pickled ,/p/21203770_EA
Pickled Chunk Beets,$3.29 ,$3.29 ,"750 ml, $0.44/100ml",Canned & Pickled ,20155083001_EA
Ready To Serve Soup Potato Bacon,$3.79 ,$3.79 ,"540 ml, $0.70/100ml",Canned & Pickled ,/p/21352119_EA
Eggplant Dip Baba Ghanoush,$2.69 ,$2.69 ,"380 g, $0.71/100g",Canned & Pickled ,/p/21238076_EA
Franco American Chicken Gravy,$1.99 ,$1.99 ,"284 ml, $0.70/100ml",Canned & Pickled ,/p/20319803_EA
"Vegetable Soup, Club Pack",$16.99 ,$16.99 ,"12x284.0 ml, $0.50/100ml",Canned & Pickled ,20016069003_EA
Ready To Serve Soup Light Cream Of Mushroom,$3.69 ,$3.69 ,"515 ml, $0.72/100ml",Canned & Pickled ,/p/21479082_EA
Roasted Red Pepper & Tomato,$2.79 ,$2.79 ,"284 ml, $0.98/100ml",Canned & Pickled ,/p/20984560_EA
Baby Dill Pickles With Garlic Club Size,$5.79 ,$5.79 ,"2 l, $0.29/100ml",Canned & Pickled ,/p/20300000_EA
"Aroy-D, Green Curry",$2.88 ,$3.19 ,"400 g, $0.72/100g",Canned & Pickled ,20061348001_EA
Sushi Ginger,$1.69 ,$1.69 ,"210 g, $0.80/100g",Canned & Pickled ,/p/21100328_EA
"Black Olives, Sliced",$3.79 ,$3.79 ,"375 ml, $1.01/100ml",Canned & Pickled ,20324873001_EA
Dill Pickles With Garlic,$5.79 ,$5.79 ,"2 l, $0.29/100ml",Canned & Pickled ,/p/20313986_EA
Jack Mackerel in Tomato Sauce,$3.49 ,$3.49 ,"425 g, $0.82/100g",Canned & Pickled ,/p/20156203_EA
Herbed Chicken & Spices Rich & Thick Stock,$3.79 ,$3.79 ,"500 ml, $0.76/100ml",Canned & Pickled ,/p/21471665_EA
Tomato Basil Flaked Light Tuna,$1.29 ,$1.29 ,"85 g, $1.52/100g",Canned & Pickled ,20097482002_EA
Condensed Chicken Noodle Soup,$0.99 ,$0.99 ,"284 ml, $0.35/100ml",Canned & Pickled ,/p/20301663_EA
Diced Tomatoes,$2.29 ,$2.29 ,"796 ml, $0.29/100ml",Canned & Pickled ,/p/20034188_EA
Pea Soup with Smoked Ham,$2.99 ,$2.99 ,"796 ml, $0.38/100ml",Canned & Pickled ,20299690002_EA
Butter Chicken Ready to Serve Soup ,$3.00 ,$3.00 ,"515 ml, $0.58/100ml",Canned & Pickled ,/p/21480454_EA
Ready To Serve Soup Potato Bacon,$3.79 ,$3.79 ,"540 ml, $0.70/100ml",Canned & Pickled ,/p/21352119_EA
Corn Medley Mediterranean Style,$2.89 ,$2.89 ,"398 ml, $0.73/100ml",Canned & Pickled ,/p/21238915_EA
Spanish Queen Olives,$1.99 ,$1.99 ,"375 ml, $0.53/100ml",Canned & Pickled ,/p/20084432_EA
Instant Red Curry,$1.99 ,$3.29 ,"400 g, $0.50/100g",Canned & Pickled ,/p/21407055_EA
No Sugar Added Sliced Peaches,$4.99 ,$4.99 ,"540 ml, $0.92/100ml",Canned & Pickled ,/p/21297574_EA
Pineapple Chunks in Pineapple Juice,$2.29 ,$2.29 ,"398 ml, $0.58/100ml",Canned & Pickled ,20136767003_EA
"Fruit Cocktail, Water Packed No Sugar Added",$2.99 ,$2.99 ,"398 ml, $0.75/100ml",Canned & Pickled ,20296567007_EA
Lupini Beans,$2.29 ,$2.29 ,"540 ml, $0.42/100ml",Canned & Pickled ,/p/20109604_EA
Mild Black Beans ,$2.49 ,$2.49 ,"398 ml, $0.63/100ml",Canned & Pickled ,/p/21480587_EA
Beans in Tomato Sauce,$1.29 ,$1.29 ,"398 ml, $0.32/100ml",Canned & Pickled ,20314839003_EA
Can Corned Beef,$6.49 ,$7.39 ,"340 g, $1.91/100g",Canned & Pickled ,/p/21189154_EA
Flakes of Turkey by Maple Leaf,$3.29 ,$3.29 ,"156 g, $2.11/100g",Canned & Pickled ,20298273003_EA
"Oysters, Smoked",$2.79 ,$2.79 ,"85 g, $3.28/100g",Canned & Pickled ,/p/20618779_EA
Low Sodium Sustainably Sourced Wild Albacore Solid White Tuna,$3.49 ,$3.49 ,"170 g, $2.05/100g",Canned & Pickled ,/p/21081427_EA
Pickled Cucumbers,$4.49 ,$4.99 ,"1 kg, $0.45/100g",Canned & Pickled ,/p/21237981_EA
Pink Salmon Wild Pacific,$3.79 ,$3.79 ,"142 g, $2.67/100g",Canned & Pickled ,/p/21178602_EA
Wild Mackerel Skinless Boneless Lemon & Peppercorn,$3.79 ,$3.79 ,"115 g, $3.30/100g",Canned & Pickled ,/p/21471625_EA
"Baby Clams, Whole Yellow In Water",$2.99 ,$2.99 ,"142 ml, $2.11/100ml",Canned & Pickled ,/p/20724562_EA
Plant Based Thai Chili Tunaless Chunks ,$1.49 ,$1.49 ,"110 g, $1.35/100g",Canned & Pickled ,/p/21494291_EA
"Flaked Light Tuna, Spicy Thai Chili",$1.99 ,$1.99 ,"85 g, $2.34/100g",Canned & Pickled ,20315581001_EA
"Light Tuna Snack Kit, Thai Chili Flavour",$2.99 ,$2.99 ,"95 g, $3.15/100g",Canned & Pickled ,/p/21242362_EA
"Red Peppers, Roasted",$4.49 ,$4.49 ,"500 ml, $0.90/100ml",Canned & Pickled ,/p/20151155_EA
"Crabmeat, Chunk",$7.29 ,$7.29 ,"120 g, $6.08/100g",Canned & Pickled ,/p/20129539_EA
Light Tuna Chunk in Water,$1.99 ,$1.99 ,"170 g, $1.17/100g",Canned & Pickled ,/p/21005134_EA
Wild Pacific Pink Salmon   ,$4.49 ,$4.49 ,"213 g, $2.11/100g",Canned & Pickled ,/p/21186867_EA
Franco American Chicken Gravy,$1.99 ,$1.99 ,"284 ml, $0.70/100ml",Canned & Pickled ,/p/20319803_EA
"Vegetable Soup, Club Pack",$16.99 ,$16.99 ,"12x284.0 ml, $0.50/100ml",Canned & Pickled ,20016069003_EA
"Everyday Gourmet, Golden Butternut Squash",$3.69 ,$3.69 ,"500 ml, $0.74/100ml",Canned & Pickled ,/p/20756264_EA
Cream of Broccoli Soup,$3.79 ,$3.79 ,"540 ml, $0.70/100ml",Canned & Pickled ,/p/21203770_EA
Pickled Chunk Beets,$3.29 ,$3.29 ,"750 ml, $0.44/100ml",Canned & Pickled ,20155083001_EA
"Cream of Mushroom Soup, Club Pack",$16.99 ,$16.99 ,"12x284.0 ml, $0.50/100ml",Canned & Pickled ,20016069001_EA
"Homestyle Chicken Noodle, Light",$2.79 ,$2.79 ,"284 ml, $0.98/100ml",Canned & Pickled ,/p/20980378_EA
Roast Beef Gravy,$2.49 ,$2.49 ,"398 ml, $0.63/100ml",Canned & Pickled ,20322135010_EA
Creamy Style Sweet Corn,$2.49 ,$2.49 ,"540 ml, $0.46/100ml",Canned & Pickled ,/p/21021197_EA
New England Clam Chowder Ready to Serve Soup,$3.69 ,$3.69 ,"515 ml, $0.72/100ml",Canned & Pickled ,/p/21479080_EA
Creamy Tomato Ready to Serve Soup,$3.69 ,$3.69 ,"515 ml, $0.72/100ml",Canned & Pickled ,/p/21479186_EA
Peaches & Mandarins in Juice from Concentrate,$3.49 ,$3.49 ,"796 ml, $0.44/100ml",Canned & Pickled ,/p/20618857_EA
Chunky Vegetable Beef,$3.00 ,$3.00 ,"515 ml, $0.58/100ml",Canned & Pickled ,/p/21480435_EA
Eggplant Dip Baba Ghanoush,$2.69 ,$2.69 ,"380 g, $0.71/100g",Canned & Pickled ,/p/21238076_EA
Pink Salmon Skinless Boneless,$4.59 ,$4.59 ,"120 g, $3.83/100g",Canned & Pickled ,/p/21297207_EA
"Flaked Light Tuna, Thai Chili  ",$1.99 ,$1.99 ,"85 g, $2.34/100g",Canned & Pickled ,/p/20915887_EA
Clam Juice,$3.79 ,$3.79 ,"236 ml, $1.61/100ml",Canned & Pickled ,/p/20149955_EA
Salmon Sockeye,$6.29 ,$6.29 ,"170 g, $3.70/100g",Canned & Pickled ,/p/21378763_EA
"Flaked Light Tuna, Dill & Lemon",$1.99 ,$1.99 ,"85 g, $2.34/100g",Canned & Pickled ,20315581005_EA
"Sardine Seafood Snacks, Tomato & Basil Sauce",$2.19 ,$2.19 ,"100 g, $2.19/100g",Canned & Pickled ,20318426002_EA
Cooked Canned Ham,$6.49 ,$6.49 ,"454 g, $1.43/100g",Canned & Pickled ,/p/20036039_EA
Sardine Filets Spring Water,$2.19 ,$2.19 ,"100 g, $2.19/100g",Canned & Pickled ,/p/21358323_EA
Hot Spicy Tuna,$1.89 ,$1.99 ,"180 g, $1.05/100g",Canned & Pickled ,/p/21269134_EA
Whole Green Olives in Brine,$9.99 ,$9.99 ,"1.5 l, $0.67/100ml",Canned & Pickled ,/p/20573417_EA
Boneless & Skinless Sustainably Sourced Wild Pacific Sockeye Salmon ,$6.29 ,$6.29 ,"170 g, $3.70/100g",Canned & Pickled ,/p/20548676_EA
Sliced Pickled Turnips,$3.49 ,$3.99 ,"1 kg, $0.35/100g",Canned & Pickled ,/p/21237887_EA
Small White Navy Beans,$0.99 ,$1.19 ,"540 ml, $0.18/100ml",Canned & Pickled ,/p/21214471_EA
Clingstone Peach Halves in Juice From Concentrate,$3.49 ,$3.49 ,"796 ml, $0.44/100ml",Canned & Pickled ,/p/20618936_EA
Six Bean Blend,$1.49 ,$1.49 ,"540 ml, $0.28/100ml",Canned & Pickled ,/p/20312942_EA
Blue Menu Six Bean Medley,$1.69 ,$1.69 ,"540 ml, $0.31/100ml",Canned & Pickled ,/p/20296638_EA
British Style Beans in Tomato Sauce,$1.99 ,$1.99 ,"398 ml, $0.50/100ml",Canned & Pickled ,/p/20745131_EA
Roasted Red Pepper & Tomato,$2.79 ,$2.79 ,"284 ml, $0.98/100ml",Canned & Pickled ,/p/20984560_EA
Tuna in Water,$6.99 ,$6.99 ,"3x80.0 g, $2.91/100g",Canned & Pickled ,/p/20865062_EA
Chunky Prime Rib & Vegetable,$3.00 ,$3.00 ,"515 ml, $0.58/100ml",Canned & Pickled ,/p/21480528_EA
Insalatissime Light Tuna Salad Chickpeas,$4.99 ,$4.99 ,"160 g, $3.12/100g",Canned & Pickled ,/p/21494948_EA
Capers,$2.99 ,$2.99 ,"125 ml, $2.39/100ml",Canned & Pickled ,/p/20144248_EA
Baby Dill Pickles With Garlic,$4.99 ,$4.99 ,"1 l, $0.50/100ml",Canned & Pickled ,20434319003_EA
Olives Stuffed With Red Peppers,$5.99 ,$5.99 ,"375 ml, $1.60/100ml",Canned & Pickled ,/p/20319649_EA
Condensed Broccoli Cheese Soup,$2.79 ,$2.79 ,"284 ml, $0.98/100ml",Canned & Pickled ,/p/20979697_EA
Chicken Broth,$1.49 ,$1.49 ,"398 ml, $0.37/100ml",Canned & Pickled ,/p/20791259_EA
Classic Chicken Noodle Ready to Serve Soup,$3.69 ,$3.69 ,"515 ml, $0.72/100ml",Canned & Pickled ,/p/21480539_EA
Beef Broth Condensed,$1.49 ,$1.49 ,"284 ml, $0.52/100ml",Canned & Pickled ,/p/21361057_EA
Tomato Rice Soup,$2.79 ,$2.79 ,"284 ml, $0.98/100ml",Canned & Pickled ,/p/20979160_EA
Franco American Turkey Gravy,$1.99 ,$1.99 ,"284 ml, $0.70/100ml",Canned & Pickled ,/p/20302507_EA
Ready to Serve Chicken Broth ,$0.88 ,$1.39 ,"412 ml, $0.21/100ml",Canned & Pickled ,/p/20042814_EA
"Bamboo Shoots, Sliced",$1.69 ,$1.69 ,"227 ml, $0.74/100ml",Canned & Pickled ,/p/20132859_EA
Chunky Chicken with Rice,$3.00 ,$3.00 ,"515 ml, $0.58/100ml",Canned & Pickled ,/p/21480479_EA
Fruit Cocktail in Mixed Fruit Juice from Concentrate,$3.49 ,$3.49 ,"796 ml, $0.44/100ml",Canned & Pickled ,/p/20618071_EA
No Sugar Added Peach Slices,$4.79 ,$4.79 ,"796 ml, $0.60/100ml",Canned & Pickled ,20306160007_EA
Lentils,$1.99 ,$1.99 ,"540 ml, $0.37/100ml",Canned & Pickled ,20313447003_EA
Chickpeas,$1.99 ,$1.99 ,"796 ml, $0.25/100ml",Canned & Pickled ,/p/21214487_EA
Fruit Cocktail in Mixed Fruit Juice from Concentrate,$1.99 ,$1.99 ,"398 ml, $0.50/100ml",Canned & Pickled ,/p/20618836_EA
Beans with Tomato Sauce,$1.49 ,$1.49 ,"398 ml, $0.37/100ml",Canned & Pickled ,/p/21308477_EA
Beef Ravioli (Case),$15.49 ,$15.49 ,"8x425.0 ml, $0.46/100ml",Canned & Pickled ,0786531001_C01
Very Cherry,$4.79 ,$4.79 ,"796 ml, $0.60/100ml",Canned & Pickled ,20306160002_EA
Peach Halves in Juice Fruit Juice,$2.99 ,$2.99 ,"398 ml, $0.75/100ml",Canned & Pickled ,20296567005_EA
Beans with Pork in Tomato Sauce,$1.29 ,$1.29 ,"398 ml, $0.32/100ml",Canned & Pickled ,20314839002_EA
Mandarin Orange in Light Syrup,$1.29 ,$1.29 ,"284 ml, $0.45/100ml",Canned & Pickled ,/p/20078466_EA
Southwest Style Chicken With Beans,$3.99 ,$3.99 ,"425 g, $0.94/100g",Canned & Pickled ,/p/21045456_EA
Dark Red Kidney Beans,$1.69 ,$1.69 ,"540 ml, $0.31/100ml",Canned & Pickled ,/p/20007312_EA
Backyard Bbq Pork Chili With Beans,$3.99 ,$3.99 ,"425 g, $0.94/100g",Canned & Pickled ,/p/21218873_EA
Fully Cooked Luncheon Meat Maple Flavoured,$4.49 ,$4.49 ,"340 g, $1.32/100g",Canned & Pickled ,/p/21530824_EA
Ready to Serve Chicken Broth ,$0.88 ,$1.39 ,"412 ml, $0.21/100ml",Canned & Pickled ,/p/20042814_EA
Chunky Chicken with Rice,$3.00 ,$3.00 ,"515 ml, $0.58/100ml",Canned & Pickled ,/p/21480479_EA
Franco American Turkey Gravy,$1.99 ,$1.99 ,"284 ml, $0.70/100ml",Canned & Pickled ,/p/20302507_EA
Clingstone Peach Slices in Light Syrup,$3.49 ,$3.49 ,"796 ml, $0.44/100ml",Canned & Pickled ,/p/20618890_EA
Capers,$2.99 ,$2.99 ,"125 ml, $2.39/100ml",Canned & Pickled ,/p/20144248_EA
Pieces & Stems Mushroom Medley,$1.99 ,$1.99 ,"284 ml, $0.70/100ml",Canned & Pickled ,/p/20172187_EA
"Chicken Vienna Sausages In Chicken Broth, Hot & Spicy",$2.29 ,$2.29 ,"130 g, $1.76/100g",Canned & Pickled ,20305465001_EA
"Cream of Mushroom Condensed Soup, Reduced Fat",$1.49 ,$1.49 ,"284 ml, $0.52/100ml",Canned & Pickled ,/p/21360399_EA
"Bamboo Shoots, Sliced",$1.69 ,$1.69 ,"227 ml, $0.74/100ml",Canned & Pickled ,/p/20132859_EA
Sardines In Tomato Sauce With Chili,$0.99 ,$0.99 ,"155 g, $0.64/100g",Canned & Pickled ,/p/21530404_EA
Tomato Rice Soup,$2.79 ,$2.79 ,"284 ml, $0.98/100ml",Canned & Pickled ,/p/20979160_EA
Spicy Kidney Chili Beans,$2.49 ,$2.49 ,"398 ml, $0.63/100ml",Canned & Pickled ,/p/21480588_EA
Whole Tomatoes,$1.79 ,$1.79 ,"796 ml, $0.22/100ml",Canned & Pickled ,/p/20600789_EA
No Salt Added Beef Broth,$2.79 ,$2.79 ,"900 ml, $0.31/100ml",Canned & Pickled ,/p/20549362_EA
Light Tomato Condensed Soup,$2.79 ,$2.79 ,"284 ml, $0.98/100ml",Canned & Pickled ,/p/20980079_EA
30% Less Sodium Roasted Garlic Chicken Broth,$2.79 ,$2.79 ,"900 ml, $0.31/100ml",Canned & Pickled ,/p/21082286_EA
Tomato Soup,$16.99 ,$16.99 ,"12x284.0 ml, $0.50/100ml",Canned & Pickled ,20016069002_EA
Sauerkraut,$3.29 ,$3.29 ,"796 ml, $0.41/100ml",Canned & Pickled ,/p/20045057_EA
Assorted Sizes Cut Green Beans,$1.29 ,$1.29 ,"398 ml, $0.32/100ml",Canned & Pickled ,/p/20302135_EA
12 Vegetable Antipasto,$5.29 ,$5.29 ,"400 ml, $1.32/100ml",Canned & Pickled ,/p/20219022_EA
Ackees In Brine,$10.49 ,$10.49 ,"540 ml, $1.94/100ml",Canned & Pickled ,/p/21530827_EA
No Sugar Added Peach Slices,$4.79 ,$4.79 ,"796 ml, $0.60/100ml",Canned & Pickled ,20306160007_EA
Lentils,$1.99 ,$1.99 ,"540 ml, $0.37/100ml",Canned & Pickled ,20313447003_EA
Chickpeas,$1.99 ,$1.99 ,"796 ml, $0.25/100ml",Canned & Pickled ,/p/21214487_EA
Fruit Cocktail in Mixed Fruit Juice from Concentrate,$1.99 ,$1.99 ,"398 ml, $0.50/100ml",Canned & Pickled ,/p/20618836_EA
Beans with Tomato Sauce,$1.49 ,$1.49 ,"398 ml, $0.37/100ml",Canned & Pickled ,/p/21308477_EA
Beef Ravioli (Case),$15.49 ,$15.49 ,"8x425.0 ml, $0.46/100ml",Canned & Pickled ,0786531001_C01
Very Cherry,$4.79 ,$4.79 ,"796 ml, $0.60/100ml",Canned & Pickled ,20306160002_EA
Peach Halves in Juice Fruit Juice,$2.99 ,$2.99 ,"398 ml, $0.75/100ml",Canned & Pickled ,20296567005_EA
Beans with Pork in Tomato Sauce,$1.29 ,$1.29 ,"398 ml, $0.32/100ml",Canned & Pickled ,20314839002_EA
Mandarin Orange in Light Syrup,$1.29 ,$1.29 ,"284 ml, $0.45/100ml",Canned & Pickled ,/p/20078466_EA
Southwest Style Chicken With Beans,$3.99 ,$3.99 ,"425 g, $0.94/100g",Canned & Pickled ,/p/21045456_EA
Dark Red Kidney Beans,$1.69 ,$1.69 ,"540 ml, $0.31/100ml",Canned & Pickled ,/p/20007312_EA
Backyard Bbq Pork Chili With Beans,$3.99 ,$3.99 ,"425 g, $0.94/100g",Canned & Pickled ,/p/21218873_EA
Pickled Hot Pepper Mix,$3.29 ,$3.29 ,"500 ml, $0.66/100ml",Canned & Pickled ,/p/20027442_EA
Light Classic Chicken Noodle Ready to Serve Soup,$3.69 ,$3.69 ,"515 ml, $0.72/100ml",Canned & Pickled ,/p/21479020_EA
Mango Slice In Light Syrup ,$1.99 ,$2.29 ,"425 g, $0.47/100g",Canned & Pickled ,/p/21373932_EA
Chili Salted Radish Strip,$4.19 ,$4.19 ,"369 g, $1.14/100g",Canned & Pickled ,/p/21029878_EA
Golden Peperoncini,$5.99 ,$5.99 ,"375 ml, $1.60/100ml",Canned & Pickled ,/p/21036159_EA
Black-Eyed Peas,$1.49 ,$1.49 ,"540 ml, $0.28/100ml",Canned & Pickled ,/p/20554594_EA
"Flakes of Ham, Less Salt by Maple Leaf",$3.29 ,$3.29 ,"156 g, $2.11/100g",Canned & Pickled ,20298273002_EA
Smoked Whole Responsibly Farmed Mussels In Sunflower Oil,$1.99 ,$1.99 ,"85 g, $2.34/100g",Canned & Pickled ,/p/21193896_EA
"Wild Smoked Mackerel, Gin & Tonic Flavoured ",$4.19 ,$4.19 ,"110 g, $3.81/100g",Canned & Pickled ,/p/21283340_EA
"Brisling Sardines, Olive Oil",$3.49 ,$3.49 ,"106 g, $3.29/100g",Canned & Pickled ,20309047001_EA
Bistro Bowls Mexican Rice,$3.99 ,$3.99 ,"170 g, $2.35/100g",Canned & Pickled ,/p/21206652_EA
"Mussels, Smoked",$2.79 ,$2.79 ,"85 g, $3.28/100g",Canned & Pickled ,/p/20617497_EA
Mackerel Mediterranean Style,$3.79 ,$3.79 ,"115 g, $3.30/100g",Canned & Pickled ,/p/21083414_EA
Gourmet Chunk White Tuna in Olive Oil Jalapeño,$3.49 ,$3.49 ,"142 g, $2.46/100g",Canned & Pickled ,20557240002_EA
Cream of Mushroom Soup,$3.49 ,$3.49 ,"540 ml, $0.65/100ml",Canned & Pickled ,/p/21360401_EA
Garlic Hamburger Slices Pickles,$5.29 ,$5.29 ,"1 l, $0.53/100ml",Canned & Pickled ,/p/20784415_EA
Cream Style Corn,$1.69 ,$1.69 ,"398 ml, $0.42/100ml",Canned & Pickled ,/p/20633125_EA
Fully Cooked Luncheon Meat Maple Flavoured,$4.49 ,$4.49 ,"340 g, $1.32/100g",Canned & Pickled ,/p/21530824_EA
Fruit Cocktail With Extra Cherries In Water,$3.99 ,$3.99 ,"540 ml, $0.74/100ml",Canned & Pickled ,/p/21484264_EA
Spicy Kidney Chili Beans,$2.49 ,$2.49 ,"398 ml, $0.63/100ml",Canned & Pickled ,/p/21480588_EA
Light Classic Chicken Noodle Ready to Serve Soup,$3.69 ,$3.69 ,"515 ml, $0.72/100ml",Canned & Pickled ,/p/21479020_EA
Chili Salted Radish Strip,$4.19 ,$4.19 ,"369 g, $1.14/100g",Canned & Pickled ,/p/21029878_EA
Golden Peperoncini,$5.99 ,$5.99 ,"375 ml, $1.60/100ml",Canned & Pickled ,/p/21036159_EA
Black-Eyed Peas,$1.49 ,$1.49 ,"540 ml, $0.28/100ml",Canned & Pickled ,/p/20554594_EA
Corned Beef Hash,$5.99 ,$5.99 ,"425 g, $1.41/100g",Canned & Pickled ,/p/20687945_EA
Chickpeas ,$0.99 ,$1.19 ,"540 ml, $0.18/100ml",Canned & Pickled ,/p/21214570_EA
Mandarin Orange Segments in Fruit Juice From Concentrate,$3.79 ,$3.79 ,"540 ml, $0.70/100ml",Canned & Pickled ,/p/20671499_EA
White Kidney Beans,$1.99 ,$1.99 ,"540 ml, $0.37/100ml",Canned & Pickled ,20313447005_EA
"Chunky Chili, Hot & Spicy",$3.49 ,$3.49 ,"425 g, $0.82/100g",Canned & Pickled ,20318367001_EA
Black Olives,$4.79 ,$5.49 ,"1 l, $0.48/100ml",Canned & Pickled ,/p/21238082_EA
"Solid Light Tuna, In Olive Oil",$1.99 ,$1.99 ,"85 g, $2.34/100g",Canned & Pickled ,20315581002_EA
Insalatissime Cous Cous with Tuna,$4.99 ,$4.99 ,"160 g, $3.12/100g",Canned & Pickled ,/p/20970856_EA
"Sardines in Tomato Sauce, Regular",$1.39 ,$1.39 ,"155 g, $0.90/100g",Canned & Pickled ,20162263002_EA
"Mussels, Smoked",$2.79 ,$2.79 ,"85 g, $3.28/100g",Canned & Pickled ,/p/20617497_EA
Mackerel Mediterranean Style,$3.79 ,$3.79 ,"115 g, $3.30/100g",Canned & Pickled ,/p/21083414_EA
Sardines Boneless Fillets Spring Water,$2.79 ,$2.79 ,"106 g, $2.63/100g",Canned & Pickled ,/p/21464547_EA
Smoked Oysters with Spicy Chili,$2.79 ,$2.79 ,"85 g, $3.28/100g",Canned & Pickled ,/p/20796169_EA
Sockeye Salmon Wild Red Pacific,$4.99 ,$4.99 ,"142 g, $3.51/100g",Canned & Pickled ,/p/21178552_EA
Tuna in Olive Oil,$4.99 ,$4.99 ,"160 g, $3.12/100g",Canned & Pickled ,/p/20984234_EA
"Flakes of Ham, Less Salt by Maple Leaf",$3.29 ,$3.29 ,"156 g, $2.11/100g",Canned & Pickled ,20298273002_EA
Smoked Whole Responsibly Farmed Mussels In Sunflower Oil,$1.99 ,$1.99 ,"85 g, $2.34/100g",Canned & Pickled ,/p/21193896_EA
"Wild Smoked Mackerel, Gin & Tonic Flavoured ",$4.19 ,$4.19 ,"110 g, $3.81/100g",Canned & Pickled ,/p/21283340_EA
"Brisling Sardines, Olive Oil",$3.49 ,$3.49 ,"106 g, $3.29/100g",Canned & Pickled ,20309047001_EA
Bistro Bowls Mexican Rice,$3.99 ,$3.99 ,"170 g, $2.35/100g",Canned & Pickled ,/p/21206652_EA
Less Sodium 25% Less Sodium Than Our Regular Luncheon Meat,$4.49 ,$4.49 ,"340 g, $1.32/100g",Canned & Pickled ,/p/20858330_EA
Tuna Flakes in Calamansi,$1.89 ,$1.99 ,"180 g, $1.05/100g",Canned & Pickled ,/p/21269144_EA
San Marino Light Corned Tuna,$2.29 ,$2.49 ,"180 g, $1.27/100g",Canned & Pickled ,/p/20875062_EA
Cocktail Shrimp,$4.19 ,$4.19 ,"106 g, $3.95/100g",Canned & Pickled ,/p/20004022_EA
Corned Beef,$4.99 ,$4.99 ,"340 g, $1.47/100g",Canned & Pickled ,/p/20050622_EA
Solid Tuna in Light Olive Oil,$6.49 ,$6.49 ,"240 g, $2.70/100g",Canned & Pickled ,/p/20966682_EA
Luncheon Meat,$2.99 ,$2.99 ,"340 g, $0.88/100g",Canned & Pickled ,/p/20064075_EA
Mackerel in Tomato Sauce Chili,$6.99 ,$6.99 ,"425 g, $1.64/100g",Canned & Pickled ,20103622001_EA
"Brisling Sardines, Slightly Smoked",$3.99 ,$3.99 ,"100 g, $3.99/100g",Canned & Pickled ,/p/20549363_EA
Spinach Puree     ,$4.99 ,$4.99 ,"850 g, $0.59/100g",Canned & Pickled ,/p/21070602_EA
Sustainably Sourced Wild Pacific Pink Salmon,$3.49 ,$3.49 ,"213 g, $1.64/100g",Canned & Pickled ,/p/20164488_EA
Corned Beef & Garlic,$4.88 ,$5.99 ,"326 g, $1.50/100g",Canned & Pickled ,/p/20688317_EA
Albacore Tuna White Flake in Water,$3.99 ,$3.99 ,"170 g, $2.35/100g",Canned & Pickled ,/p/20167571_EA
Jackfruit In Syrup,$2.49 ,$3.19 ,"565 ml, $0.44/100ml",Canned & Pickled ,/p/20075886_EA
Garden Style Vegetable Soup,$2.99 ,$2.99 ,"796 ml, $0.38/100ml",Canned & Pickled ,20299690004_EA
Condensed Soup Cream of Mushroom,$1.49 ,$1.49 ,"284 ml, $0.52/100ml",Canned & Pickled ,/p/21215952_EA
Vegetable Broth,$2.79 ,$2.79 ,"900 ml, $0.31/100ml",Canned & Pickled ,20322348005_EA
Lebanese Chickpeas,$1.49 ,$1.49 ,"400 g, $0.37/100g",Canned & Pickled ,/p/21238002_EA
Hot Jalapeño Peppers,$5.99 ,$5.99 ,"375 ml, $1.60/100ml",Canned & Pickled ,/p/20884927_EA
Pinto Beans,$0.99 ,$1.19 ,"540 ml, $0.18/100ml",Canned & Pickled ,/p/21214488_EA
Yum Yum Sweet Pickles,$5.29 ,$5.29 ,"1 l, $0.53/100ml",Canned & Pickled ,20186083003_EA
"Olives, Medium, Ripe, Pitted",$3.79 ,$3.79 ,"375 ml, $1.01/100ml",Canned & Pickled ,20324873002_EA
Sweet and Tender Small Peas,$1.29 ,$1.29 ,"398 ml, $0.32/100ml",Canned & Pickled ,/p/20326462_EA
Cod Liver,$3.99 ,$3.99 ,"120 g, $3.33/100g",Canned & Pickled ,/p/20543218_EA
"Cream of Broccoli Soup, Low Fat",$2.79 ,$2.79 ,"284 ml, $0.98/100ml",Canned & Pickled ,20297246009_EA
Sliced Carrots,$1.29 ,$1.29 ,"398 ml, $0.32/100ml",Canned & Pickled ,/p/20326682_EA
Wine Sauerkraut,$4.99 ,$4.99 ,"1 l, $0.50/100ml",Canned & Pickled ,/p/20130996_EA
Mixed Vegetables,$1.29 ,$1.29 ,"398 ml, $0.32/100ml",Canned & Pickled ,/p/20312587_EA
Won Ton Soup,$4.69 ,$4.69 ,"398 ml, $1.18/100ml",Canned & Pickled ,20596863001_EA
Poutine Gravy,$1.29 ,$1.29 ,"398 ml, $0.32/100ml",Canned & Pickled ,20185228001_EA
"Canned Soup, Homestyle Condensed Vegetable Soup",$2.79 ,$2.79 ,"284 ml, $0.98/100ml",Canned & Pickled ,/p/20979743_EA
"Broth, Consommé",$2.79 ,$2.79 ,"284 ml, $0.98/100ml",Canned & Pickled ,20297246003_EA
Condensed Cream Of Celery Soup,$2.79 ,$2.79 ,"284 ml, $0.98/100ml",Canned & Pickled ,20297246004_EA
Sardines with Salted Black Beans,$2.99 ,$2.99 ,"156 g, $1.92/100g",Canned & Pickled ,/p/20738569_EA
Polskie Ogórki Dill Pickles,$3.29 ,$3.29 ,"1 l, $0.33/100ml",Canned & Pickled ,/p/20325263_EA
Texas-Style BBQ Beef Ready to Serve Soup,$3.00 ,$3.00 ,"515 ml, $0.58/100ml",Canned & Pickled ,/p/21480458_EA
Beef Broth,$2.79 ,$2.79 ,"900 ml, $0.31/100ml",Canned & Pickled ,20322348003_EA
Condensed Soup Cream of Mushroom,$1.49 ,$1.49 ,"284 ml, $0.52/100ml",Canned & Pickled ,/p/21215952_EA
Vegetable Broth,$2.79 ,$2.79 ,"900 ml, $0.31/100ml",Canned & Pickled ,20322348005_EA
"Diced Tomatoes, Original",$2.49 ,$2.49 ,"283 g, $0.88/100g",Canned & Pickled ,/p/21154450_EA
Diced Tomatoes in Puree No Salt Added,$2.49 ,$2.49 ,"796 ml, $0.31/100ml",Canned & Pickled ,/p/21082281_EA
Chunky Ready To Serve Soup Creamy Thai Chicken And Rice,$3.00 ,$3.00 ,"515 ml, $0.58/100ml",Canned & Pickled ,/p/21480472_EA
Canned Mushrooms,$1.99 ,$1.99 ,"284 ml, $0.70/100ml",Canned & Pickled ,/p/21298248_EA
Whole Sweet Red Peppers,$3.49 ,$3.49 ,"300 ml, $1.22/100ml",Canned & Pickled ,/p/20129555_EA
"Portuguese Sardines, Skinless & Boneless",$3.99 ,$3.99 ,"120 g, $3.33/100g",Canned & Pickled ,/p/20540748_EA
Sweet Pickled Onions,$2.79 ,$2.79 ,"375 ml, $0.74/100ml",Canned & Pickled ,/p/20030317_EA
"Kosher Dill Pickles, Whole",$5.79 ,$5.79 ,"1 l, $0.58/100ml",Canned & Pickled ,20157347001_EA
"Tomatoes, Crushed",$2.79 ,$2.79 ,"796 ml, $0.35/100ml",Canned & Pickled ,/p/21209839_EA
Italian Wedding Ready to Serve Soup ,$3.69 ,$3.69 ,"515 ml, $0.72/100ml",Canned & Pickled ,/p/21479030_EA
Concentrated Chicken Broth,$2.79 ,$2.79 ,"250 ml, $1.12/100ml",Canned & Pickled ,/p/21347245_EA
Garlic Dill Pickles,$5.29 ,$5.29 ,"1 l, $0.53/100ml",Canned & Pickled ,20158289001_EA
Lychee in Syrup,$3.99 ,$4.49 ,"530 ml, $0.75/100ml",Canned & Pickled ,/p/20015951_EA
"Whole Tomatoes, No Salt Added",$2.49 ,$2.49 ,"796 ml, $0.31/100ml",Canned & Pickled ,20314629002_EA
Condensed Vegetable Soup,$0.99 ,$0.99 ,"284 ml, $0.35/100ml",Canned & Pickled ,/p/20081306_EA
World of Flavours Mexican Chicken Soup ,$3.49 ,$3.49 ,"540 ml, $0.65/100ml",Canned & Pickled ,/p/21360157_EA
Ackees In Salt Water,$9.99 ,$9.99 ,"540 ml, $1.85/100ml",Canned & Pickled ,/p/20090998_EA
Beef with Vegetables & Barley,$2.79 ,$2.79 ,"284 ml, $0.98/100ml",Canned & Pickled ,/p/20979154_EA
Corned Beef,$4.99 ,$4.99 ,"340 g, $1.47/100g",Canned & Pickled ,20325345002_EA
Sushi Ginger,$3.49 ,$3.49 ,"340 g, $1.03/100g",Canned & Pickled ,/p/20624111_EA
Whole Kalamata Olives,$5.99 ,$5.99 ,"375 ml, $1.60/100ml",Canned & Pickled ,/p/20317800_EA
Chopped In Salt Water Callaloo,$2.99 ,$2.99 ,"540 ml, $0.55/100ml",Canned & Pickled ,/p/21040076_EA
Peach Slices in Light Syrup,$4.79 ,$4.79 ,"796 ml, $0.60/100g",Canned & Pickled ,/p/21239439_EA
Chickpea Dip Hummus,$1.49 ,$1.49 ,"400 g, $0.37/100g",Canned & Pickled ,/p/21237885_EA
Soup Tomato,$1.49 ,$1.49 ,"284 ml, $0.52/100ml",Canned & Pickled ,/p/20707829_EA
Plant Based Beefless Broth,$2.99 ,$2.99 ,"1 l, $0.30/100ml",Canned & Pickled ,/p/21184629_EA
No Salt Added Vegetable Broth,$2.79 ,$2.79 ,"900 ml, $0.31/100ml",Canned & Pickled ,/p/20705902_EA
Tomatoes,$2.49 ,$2.49 ,"796 ml, $0.31/100ml",Canned & Pickled ,20314629004_EA
Hot and Spicy Pickle Spears,$5.99 ,$5.99 ,"750 ml, $0.80/100ml",Canned & Pickled ,/p/21207559_EA
"Kosher Baby Dills, No Garlic",$5.79 ,$5.79 ,"1 l, $0.58/100ml",Canned & Pickled ,20055863003_EA
"Diced Tomatoes, Original",$2.49 ,$2.49 ,"283 g, $0.88/100g",Canned & Pickled ,/p/21154450_EA
Diced Tomatoes in Puree No Salt Added,$2.49 ,$2.49 ,"796 ml, $0.31/100ml",Canned & Pickled ,/p/21082281_EA
Chunky Ready To Serve Soup Creamy Thai Chicken And Rice,$3.00 ,$3.00 ,"515 ml, $0.58/100ml",Canned & Pickled ,/p/21480472_EA
Poutine Gravy,$1.29 ,$1.29 ,"398 ml, $0.32/100ml",Canned & Pickled ,20185228001_EA
"Canned Soup, Homestyle Condensed Vegetable Soup",$2.79 ,$2.79 ,"284 ml, $0.98/100ml",Canned & Pickled ,/p/20979743_EA
"Broth, Consommé",$2.79 ,$2.79 ,"284 ml, $0.98/100ml",Canned & Pickled ,20297246003_EA
Condensed Cream Of Celery Soup,$2.79 ,$2.79 ,"284 ml, $0.98/100ml",Canned & Pickled ,20297246004_EA
Sardines with Salted Black Beans,$2.99 ,$2.99 ,"156 g, $1.92/100g",Canned & Pickled ,/p/20738569_EA
Sushi Ginger,$3.49 ,$3.49 ,"340 g, $1.03/100g",Canned & Pickled ,/p/20624111_EA
Whole Kalamata Olives,$5.99 ,$5.99 ,"375 ml, $1.60/100ml",Canned & Pickled ,/p/20317800_EA
Chopped In Salt Water Callaloo,$2.99 ,$2.99 ,"540 ml, $0.55/100ml",Canned & Pickled ,/p/21040076_EA
Peach Slices in Light Syrup,$4.79 ,$4.79 ,"796 ml, $0.60/100g",Canned & Pickled ,/p/21239439_EA
Chickpea Dip Hummus,$1.49 ,$1.49 ,"400 g, $0.37/100g",Canned & Pickled ,/p/21237885_EA
"Cream of Broccoli Soup, Low Fat",$2.79 ,$2.79 ,"284 ml, $0.98/100ml",Canned & Pickled ,20297246009_EA
Hot Jalapeño Peppers,$5.99 ,$5.99 ,"375 ml, $1.60/100ml",Canned & Pickled ,/p/20884927_EA
Pinto Beans,$0.99 ,$1.19 ,"540 ml, $0.18/100ml",Canned & Pickled ,/p/21214488_EA
Sliced Carrots,$1.29 ,$1.29 ,"398 ml, $0.32/100ml",Canned & Pickled ,/p/20326682_EA
Wine Sauerkraut,$4.99 ,$4.99 ,"1 l, $0.50/100ml",Canned & Pickled ,/p/20130996_EA
Mixed Vegetables,$1.29 ,$1.29 ,"398 ml, $0.32/100ml",Canned & Pickled ,/p/20312587_EA
Yum Yum Sweet Pickles,$5.29 ,$5.29 ,"1 l, $0.53/100ml",Canned & Pickled ,20186083003_EA
Canned Mushrooms,$1.99 ,$1.99 ,"284 ml, $0.70/100ml",Canned & Pickled ,/p/21298248_EA
Whole Sweet Red Peppers,$3.49 ,$3.49 ,"300 ml, $1.22/100ml",Canned & Pickled ,/p/20129555_EA
"Portuguese Sardines, Skinless & Boneless",$3.99 ,$3.99 ,"120 g, $3.33/100g",Canned & Pickled ,/p/20540748_EA
"Extreme Bean, Hot & Spicy",$8.99 ,$8.99 ,"1 l, $0.90/100ml",Canned & Pickled ,/p/20784374_EA
Polskie Ogórki Dill Pickles,$3.29 ,$3.29 ,"1 l, $0.33/100ml",Canned & Pickled ,/p/20325263_EA
Soup Tomato,$1.49 ,$1.49 ,"284 ml, $0.52/100ml",Canned & Pickled ,/p/20707829_EA
Lebanese Chickpeas,$1.49 ,$1.49 ,"400 g, $0.37/100g",Canned & Pickled ,/p/21238002_EA
"Kosher Dill Pickles, Whole",$5.79 ,$5.79 ,"1 l, $0.58/100ml",Canned & Pickled ,20157347001_EA
Extra Large Whole Ripe Olives,$1.97 ,$1.97 ,"398 ml, $0.49/100ml",Canned & Pickled ,/p/20115887_EA
Savoury Beef & Onion Rich & Thick Stock ,$3.79 ,$3.79 ,"500 ml, $0.76/100ml",Canned & Pickled ,/p/21471668_EA
50% Less Salt Garlic Dill Pickles,$5.29 ,$5.29 ,"1 l, $0.53/100ml",Canned & Pickled ,20158289002_EA
Sweet Pickled Onions,$2.79 ,$2.79 ,"375 ml, $0.74/100ml",Canned & Pickled ,/p/20030317_EA
"Tomatoes, Crushed",$2.79 ,$2.79 ,"796 ml, $0.35/100ml",Canned & Pickled ,/p/21209839_EA
Italian Wedding Ready to Serve Soup ,$3.69 ,$3.69 ,"515 ml, $0.72/100ml",Canned & Pickled ,/p/21479030_EA
Jackfruit In Syrup,$2.49 ,$3.19 ,"565 ml, $0.44/100ml",Canned & Pickled ,/p/20075886_EA
Tomatoes Accents Chili ,$2.69 ,$2.69 ,"540 ml, $0.50/100ml",Canned & Pickled ,/p/21207591_EA
"Black Beans, No Salt Added",$1.99 ,$1.99 ,"540 ml, $0.37/100ml",Canned & Pickled ,/p/21040069_EA
Romano Beans,$1.49 ,$1.49 ,"540 ml, $0.28/100ml",Canned & Pickled ,/p/20561290_EA
Deep-Browned Beans with Tomato Sauce,$1.99 ,$1.99 ,"398 ml, $0.50/100ml",Canned & Pickled ,20177278004_EA
Clingstone Peach Halves in Juice From Concentrate,$1.99 ,$1.99 ,"398 ml, $0.50/100ml",Canned & Pickled ,20628585002_EA
Canned Soup,$1.99 ,$1.99 ,"425 g, $0.47/100g",Canned & Pickled ,/p/21352110_EA
Deep-Browned Beans with Pork & Tomato Sauce,$1.99 ,$1.99 ,"398 ml, $0.50/100ml",Canned & Pickled ,20177278008_EA
Original Beans in Tomato Sauce,$14.49 ,$14.49 ,"9x398.0 ml, $0.40/100ml",Canned & Pickled ,20165660003_EA
Chili Style Pinto & Red Kidney Beans,$1.99 ,$1.99 ,"398 ml, $0.50/100ml",Canned & Pickled ,/p/20381735_EA
Tuna Salad with Corn,$4.99 ,$4.99 ,"160 g, $3.12/100g",Canned & Pickled ,/p/20971501_EA
Cooked Ham,$5.49 ,$5.49 ,"454 g, $1.21/100g",Canned & Pickled ,/p/20027032_EA
Flakes of Ham,$2.19 ,$2.19 ,"142 g, $1.40/100g",Canned & Pickled ,20312728001_EA
"Tuna, Solid Light",$2.49 ,$2.49 ,"198 g, $1.26/100g",Canned & Pickled ,/p/20113745_EA
Sustainably Sourced Wild Pacific Sockeye Salmon,$4.99 ,$4.99 ,"213 g, $2.34/100g",Canned & Pickled ,/p/20121030_EA
Mexican Style Light Tuna Salad ,$4.99 ,$4.99 ,"160 g, $3.12/100g",Canned & Pickled ,/p/20971498_EA
Black Beans,$2.49 ,$2.49 ,"398 ml, $0.63/100ml",Canned & Pickled ,/p/21403943_EA
Skipjack In Basil Infused Oil Solid Light Tuna,$6.29 ,$6.29 ,"240 g, $2.62/100g",Canned & Pickled ,/p/21283325_EA
Sockeye Salmon     ,$5.99 ,$5.99 ,"213 g, $2.81/100g",Canned & Pickled ,/p/21314811_EA
"Seafood Snacks, Golden Smoked",$2.19 ,$2.19 ,"92 g, $2.38/100g",Canned & Pickled ,20318426003_EA
Sustainably Sourced Wild Albacore Solid White Tuna,$3.49 ,$3.49 ,"170 g, $2.05/100g",Canned & Pickled ,/p/21081491_EA
Bean Medley,$2.49 ,$2.49 ,"398 ml, $0.63/100ml",Canned & Pickled ,/p/21411100_EA
Wild Albacore Flaked White Tuna,$3.49 ,$3.49 ,"170 g, $2.05/100g",Canned & Pickled ,/p/20529153_EA
Red Kidney Beans,$2.49 ,$2.49 ,"398 ml, $0.63/100ml",Canned & Pickled ,/p/21403994_EA
Skipjack Flaked Light Tuna in Water,$2.79 ,$2.79 ,"120 g, $2.33/100g",Canned & Pickled ,/p/21209363_EA
"Sardines, Tomato Sauce",$2.19 ,$2.19 ,"106 g, $2.07/100g",Canned & Pickled ,20322242003_EA
Skinless Boneless Sardines In Water,$3.39 ,$3.39 ,"124 g, $2.73/100g",Canned & Pickled ,/p/21335520_EA
"Green Olives, Small",$4.79 ,$5.49 ,"1 l, $0.48/100ml",Canned & Pickled ,/p/21238086_EA
"Tuna, Solid Light In Olive Oil",$6.99 ,$6.99 ,"3x80.0 g, $2.91/100g",Canned & Pickled ,/p/20035383_EA
"Flaked Light Tuna, In Water",$1.99 ,$1.99 ,"170 g, $1.17/100g",Canned & Pickled ,/p/21004270_EA
In Brine Salmon Fillet,$8.49 ,$8.49 ,"125 g, $6.79/100g",Canned & Pickled ,/p/21385586_EA
Natural Old Fashioned Brown Sugar,$3.49 ,$3.49 ,"1 kg, $0.35/100g",Baking Essentials,/p/20169394_EA
Baking Soda,$2.29 ,$2.29 ,"500 g, $0.46/100g",Baking Essentials,20063491001_EA
Pure Pumpkin,$6.99 ,$6.99 ,"796 ml, $0.88/100ml",Baking Essentials,/p/20022361_EA
Large Marshmallows,$2.99 ,$2.99 ,"400 g, $0.75/100g",Baking Essentials,20304672001_EA
Maple & Brown Sugar Flavour Instant Oatmeal,$3.49 ,$3.97 ,"344 g, $1.01/100g",Baking Essentials,/p/21190254_EA
All-Purpose Flour,$11.99 ,$11.99 ,"10 kg, $0.12/100g",Baking Essentials,/p/20022248_EA
Granulated White Sugar,$2.99 ,$2.99 ,"2 kg, $0.15/100g",Baking Essentials,/p/20032352_EA
Granulated White Sugar,$5.99 ,$5.99 ,"4 kg, $0.15/100g",Baking Essentials,/p/20171831_EA
"Chipits Milk Chocolate Chips, 250G",$4.29 ,$4.29 ,"250 g, $1.72/100g",Baking Essentials,/p/21452844_EA
Instant Oatmeal 3 Flavour Variety Pack,$3.49 ,$3.97 ,"314 g, $1.11/100g",Baking Essentials,/p/21190260_EA
All-Purpose Flour,$3.99 ,$3.99 ,"2.5 kg, $0.16/100g",Baking Essentials,/p/20013256_EA
Original All Purpose Flour,$6.49 ,$6.49 ,"2.5 kg, $0.26/100g",Baking Essentials,20039497001_EA
Demerara Brown Sugar,$3.49 ,$3.49 ,"1 kg, $0.35/100g",Baking Essentials,/p/20087098_EA
Mini Marshmallows,$2.99 ,$2.99 ,"400 g, $0.75/100g",Baking Essentials,20304672002_EA
Apples & Cinnamon Instant Oatmeal,$3.49 ,$3.97 ,"264 g, $1.32/100g",Baking Essentials,/p/21190251_EA
Original All Purpose Flour,$18.99 ,$18.99 ,"10 kg, $0.19/100g",Baking Essentials,/p/20134743_EA
"Chipits Pure Semi-Sweet Chocolate Chips, 270G",$4.29 ,$4.29 ,"270 g, $1.59/100g",Baking Essentials,/p/21452924_EA
Super Moist Cake Mix Rainbow Bits,$2.49 ,$2.49 ,"375 g, $0.66/100g",Baking Essentials,/p/21547837_EA
Extra-Fluffy Buttermilk Pancake & Waffle Mix,$3.99 ,$3.99 ,"905 g, $0.44/100g",Baking Essentials,/p/20175129_EA
Super Moist Cake Mix Devil's Food,$2.49 ,$2.49 ,"375 g, $0.66/100g",Baking Essentials,/p/21547838_EA
The Decadent Semi-Sweet Chocolate Chips,$3.99 ,$3.99 ,"300 g, $1.33/100g",Baking Essentials,/p/20011473_EA
The Decadent Milk Chocolate Chips,$3.99 ,$3.99 ,"270 g, $1.48/100g",Baking Essentials,/p/20430272_EA
The Decadent Semi-Sweet Mini Chocolate Chips,$3.99 ,$3.99 ,"300 g, $1.33/100g",Baking Essentials,/p/21069789_EA
Icing Sugar,$3.49 ,$3.49 ,"1 kg, $0.35/100g",Baking Essentials,/p/20108812_EA
"The Decadent Semi Sweet Chocolate Chips, Club Size",$10.99 ,$10.99 ,"1 kg, $1.10/100g",Baking Essentials,/p/20588353_EA
Super Moist Cake Mix Chocolate Fudge,$2.49 ,$2.49 ,"375 g, $0.66/100g",Baking Essentials,/p/21547846_EA
Super Moist Cake Mix French Vanilla,$2.49 ,$2.49 ,"375 g, $0.66/100g",Baking Essentials,/p/21547834_EA
Unbleached All-Purpose Flour,$3.99 ,$3.99 ,"2.5 kg, $0.16/100g",Baking Essentials,/p/21030802_EA
All Vegetables Shortening,$3.99 ,$4.49 ,"454 g, $0.88/100g",Baking Essentials,/p/21475300_EA
The Decadent Milk Chocolate Chips,$10.99 ,$10.99 ,"775 g, $1.42/100g",Baking Essentials,/p/20430430_EA
Vanilla Instant Pudding Mix,$1.29 ,$1.29 ,"102 g, $1.26/100g",Baking Essentials,20307001001_EA
100% Pure Corn Starch,$3.79 ,$3.79 ,"454 g, $0.83/100g",Baking Essentials,/p/21020366_EA
Gluten-Free Corn Starch,$4.49 ,$4.49 ,"454 g, $0.99/100g",Baking Essentials,/p/20006692_EA
Baking Powder,$5.49 ,$5.49 ,"450 g, $1.22/100g",Baking Essentials,/p/20163323_EA
Golden Yellow Sugar,$3.49 ,$3.49 ,"1 kg, $0.35/100g",Baking Essentials,/p/20097405_EA
Semi-Sweet Chocolate Chips,$3.79 ,$3.79 ,"300 g, $1.26/100g",Baking Essentials,/p/20002659_EA
Original Extra-Fluffy Pancake And Waffle Mix,$3.99 ,$3.99 ,"905 g, $0.44/100g",Baking Essentials,/p/20318589_EA
"Chipits Special Dark Chocolate Chips, 225G",$4.29 ,$4.29 ,"225 g, $1.91/100g",Baking Essentials,/p/21452929_EA
"Strawberry Jelly Powder, Gelatin Mix",$1.29 ,$1.29 ,"85 g, $1.52/100g",Baking Essentials,20317293001_EA
Granulated White Sugar,$14.99 ,$14.99 ,"10 kg, $0.15/100g",Baking Essentials,/p/20170195_EA
Chocolate Instant Pudding Mix,$1.29 ,$1.29 ,"113 g, $1.14/100g",Baking Essentials,20307001002_EA
Quick Rise Yeast,$1.99 ,$2.29 ,"24 g, $8.29/100g",Baking Essentials,/p/21351074_EA
"Orange Jelly Powder, Gelatin Mix",$1.29 ,$1.29 ,"85 g, $1.52/100g",Baking Essentials,/p/20320059_EA
Fridge-N-Freezer Baking Soda,$2.29 ,$2.29 ,"500 g, $0.46/100g",Baking Essentials,/p/20698805_EA
Oatmeal Chocolate Chip Muffin Mix,$6.29 ,$6.29 ,"900 g, $0.70/100g",Baking Essentials,20301064001_EA
Pure Lard,$4.49 ,$4.49 ,"454 g, $0.99/100g",Baking Essentials,/p/20027695_EA
Chipits Butterscotch Baking Chips,$4.29 ,$4.29 ,"270 g, $1.59/100g",Baking Essentials,/p/21452928_EA
Unbleached All Purpose Flour,$12.99 ,$12.99 ,"5 kg, $0.26/100g",Baking Essentials,20149342003_EA
Sprinkle Decors,$4.99 ,$4.99 ,"46 g, $10.85/100g",Baking Essentials,/p/21011735_EA
Baking Soda,$5.49 ,$5.49 ,"2 kg, $0.27/100g",Baking Essentials,/p/20018429_EA
Granulated Sugar Blend for Baking,$10.49 ,$10.49 ,"908 g, $1.16/100g",Baking Essentials,/p/21504340_EA
Candy Melts® 12oz Bright White,$3.49 ,$3.49 ,"340 g, $1.03/100g",Baking Essentials,/p/21195004_EA
Calorie-Free Sweetener from the Stevia Leaf Sachets/Packets,$9.49 ,$9.49 ,"160 g, $5.93/100g",Baking Essentials,/p/21127520_EA
Sprinkle Decors,$4.99 ,$4.99 ,"46 g, $10.85/100g",Baking Essentials,/p/21011735_EA
Baking Soda,$5.49 ,$5.49 ,"2 kg, $0.27/100g",Baking Essentials,/p/20018429_EA
Granulated Sugar Blend for Baking,$10.49 ,$10.49 ,"908 g, $1.16/100g",Baking Essentials,/p/21504340_EA
Striped Spiral Candles 24 Birthday Candles,$2.99 ,$2.99 ,"24 ea, $0.12/1ea",Baking Essentials,/p/21021599_EA
Craisins Sweetened Dried Cranberries ,$3.29 ,$3.29 ,"170 g, $1.94/100g",Baking Essentials,/p/20671758_EA
"Mini Marshmallows, Club Size",$5.99 ,$5.99 ,"1 kg, $0.60/100g",Baking Essentials,20315322002_EA
"Daily Favourites Sambar Powder, Masala",$3.29 ,$3.29 ,"200 g, $1.65/100g",Baking Essentials,/p/20357104_EA
Baking Powder,$1.99 ,$2.99 ,"84 g, $2.37/100g",Baking Essentials,/p/21480445_EA
"Cookie Icing, White",$4.99 ,$4.99 ,"228 g, $2.19/100g",Baking Essentials,/p/21241818_EA
Chopped Dried Dates,$3.99 ,$3.99 ,"300 g, $1.33/100g",Baking Essentials,/p/20970794_EA
Reese's Brownie Mix with REESE'S peanut Butter Chips,$4.49 ,$4.49 ,"453 g, $0.99/100g",Baking Essentials,/p/21546977_EA
Maple Flakes,$6.79 ,$6.79 ,"170 g, $3.99/100g",Baking Essentials,/p/21124857_EA
Chocolate Chip Cookie Mix Snack Size,$2.49 ,$2.49 ,"212 g, $1.17/100g",Baking Essentials,/p/21183208_EA
Cake Topper,$3.49 ,$3.49 ,"1 ea, $349.00/100ea",Baking Essentials,/p/20914024_EA
Stevia Liquid,$4.29 ,$4.29 ,"43 ml, $8.94/100ml",Baking Essentials,/p/20796817_EA
Peanut Pieces,$1.29 ,$1.29 ,"100 g, $1.29/100g",Baking Essentials,/p/20618078_EA
"Décors, Party Mix",$3.99 ,$3.99 ,"113 g, $3.53/100g",Baking Essentials,20299240008_EA
Calorie-Free Sucralose Sweetener Packets,$4.79 ,$4.79 ,"100 ea, $0.05/1ea",Baking Essentials,/p/20788628_EA
Cherry Pie Filling,$5.49 ,$5.49 ,"540 ml, $1.02/100ml",Baking Essentials,/p/20718406_EA
Protein Pancake & Waffle Mix Vanilla,$9.49 ,$9.49 ,"430 g, $2.21/100g",Baking Essentials,/p/21375777_EA
Craisins Sweetened Dried Cranberries  With Pomegranate Juice Concentrate,$2.99 ,$2.99 ,"170 g, $1.76/100g",Baking Essentials,20300784004_EA
Sultana Raisins Club Size,$12.99 ,$12.99 ,"2 kg, $0.65/100g",Baking Essentials,/p/20647527_EA
Honey Mango,$9.99 ,$9.99 ,"500 g, $2.00/100g",Baking Essentials,/p/20923565_EA
Demerara Organic Brown Cane Sugar,$4.99 ,$6.49 ,"1 kg, $0.50/100g",Baking Essentials,/p/21413448_EA
Unbleached All Purpose Flour,$12.99 ,$12.99 ,"5 kg, $0.26/100g",Baking Essentials,20149342003_EA
Maple Sugar,$6.79 ,$6.79 ,"220 g, $3.09/100g",Baking Essentials,/p/21124861_EA
Milk Chocolate Chips,$13.49 ,$13.49 ,"800 g, $1.69/100g",Baking Essentials,20430906001_EA
Buttermilk Protein Pancake,$3.99 ,$3.99 ,"340 g, $1.17/100g",Baking Essentials,/p/21018407_EA
Pitted Prunes,$6.99 ,$6.99 ,"375 g, $1.86/100g",Baking Essentials,/p/20697988_EA
Salted Caramel Brownies Mix,$4.49 ,$4.49 ,"521 g, $0.86/100g",Baking Essentials,/p/21212331_EA
Berry Cherry Dried Fruit Blend,$7.99 ,$7.99 ,"300 g, $2.66/100g",Baking Essentials,/p/21021662_EA
Pure Peppermint & Mint Extract,$3.29 ,$3.29 ,"43 ml, $7.65/100ml",Baking Essentials,/p/20686084_EA
"Brownie Baking Mix, S'mores",$4.49 ,$4.49 ,"521 g, $0.86/100g",Baking Essentials,/p/21016700_EA
Premium Cocoa,$9.99 ,$9.99 ,"454 g, $2.20/100g",Baking Essentials,/p/20911590_EA
Imitation French Vanilla Extract,$3.29 ,$3.29 ,"43 ml, $7.65/100ml",Baking Essentials,20811296001_EA
Banana Bread,$4.49 ,$4.49 ,"348 g, $1.29/100g",Baking Essentials,/p/20992725_EA
Whipped Fluffy White Frosting,$2.49 ,$2.49 ,"340 g, $0.73/100g",Baking Essentials,20562641003_EA
Old-Fashioned Chocolate Cake Donut Baking Mix,$5.29 ,$5.29 ,"500 g, $1.06/100g",Baking Essentials,/p/21471935_EA
Fat Free Butterscotch Instant Pudding Mix,$1.29 ,$1.29 ,"30 g, $4.30/100g",Baking Essentials,20304150003_EA
Golden Seedless Raisins,$8.79 ,$8.79 ,"750 g, $1.17/100g",Baking Essentials,/p/20648023_EA
Pure Almond Extract,$6.79 ,$6.79 ,"59 ml, $11.51/100ml",Baking Essentials,/p/20921964_EA
Mini Baking Cups,$3.49 ,$3.49 ,"60 ea, $0.06/1ea",Baking Essentials,/p/20796812_EA
"Sunflower, Pumpkin & Super Seeds Blend",$3.19 ,$3.19 ,"227 g, $1.41/100g",Baking Essentials,/p/21024070_EA
Organic Gold Sugar,$18.99 ,$18.99 ,"2.5 kg, $0.76/100g",Baking Essentials,/p/20948446_EA
Pure Lemon Extract,$5.49 ,$5.49 ,"59 ml, $9.31/100ml",Baking Essentials,/p/20921997_EA
Natural Source Granulated Stevia Calorie-Free Sweetener,$6.49 ,$6.49 ,"275 g, $2.36/100g",Baking Essentials,/p/21021897_EA
Frost Deluxe Whipped Milk Chocolate,$2.49 ,$2.49 ,"340 g, $0.73/100g",Baking Essentials,20562641008_EA
Thai Gingers,$8.99 ,$8.99 ,"454 g, $1.98/100g",Baking Essentials,/p/21164507_EA
"Daily Favourites Sambar Powder, Masala",$3.29 ,$3.29 ,"200 g, $1.65/100g",Baking Essentials,/p/20357104_EA
Buttermilk Protein Pancake,$3.99 ,$3.99 ,"340 g, $1.17/100g",Baking Essentials,/p/21018407_EA
Pitted Prunes,$6.99 ,$6.99 ,"375 g, $1.86/100g",Baking Essentials,/p/20697988_EA
Salted Caramel Brownies Mix,$4.49 ,$4.49 ,"521 g, $0.86/100g",Baking Essentials,/p/21212331_EA
Honey Mango,$9.99 ,$9.99 ,"500 g, $2.00/100g",Baking Essentials,/p/20923565_EA
Demerara Organic Brown Cane Sugar,$4.99 ,$6.49 ,"1 kg, $0.50/100g",Baking Essentials,/p/21413448_EA
Sultana Raisins Club Size,$12.99 ,$12.99 ,"2 kg, $0.65/100g",Baking Essentials,/p/20647527_EA
Cherry Pie Filling,$5.49 ,$5.49 ,"540 ml, $1.02/100ml",Baking Essentials,/p/20718406_EA
Protein Pancake & Waffle Mix Vanilla,$9.49 ,$9.49 ,"430 g, $2.21/100g",Baking Essentials,/p/21375777_EA
Organic Gold Sugar,$18.99 ,$18.99 ,"2.5 kg, $0.76/100g",Baking Essentials,/p/20948446_EA
Pure Lemon Extract,$5.49 ,$5.49 ,"59 ml, $9.31/100ml",Baking Essentials,/p/20921997_EA
Pure Almond Extract,$6.79 ,$6.79 ,"59 ml, $11.51/100ml",Baking Essentials,/p/20921964_EA
Mini Baking Cups,$3.49 ,$3.49 ,"60 ea, $0.06/1ea",Baking Essentials,/p/20796812_EA
"Sunflower, Pumpkin & Super Seeds Blend",$3.19 ,$3.19 ,"227 g, $1.41/100g",Baking Essentials,/p/21024070_EA
"Grape Jelly Powder, Gelatin Mix",$1.29 ,$1.29 ,"85 g, $1.52/100g",Baking Essentials,20317293004_EA
"Shirriff Filling and Dessert Mix, Lemon Pie",$3.99 ,$3.99 ,"425 g, $0.94/100g",Baking Essentials,/p/20130250_EA
Graham Cracker Pie Crust,$2.49 ,$2.49 ,"170 g, $1.46/100g",Baking Essentials,/p/21213760_EA
"Vanilla Mousse, 50 Calories     ",$1.99 ,$2.39 ,"28 g, $7.11/100g",Baking Essentials,20077535001_EA
"Shirriff Pudding & Pie Filling, Butterscotch",$1.99 ,$2.99 ,"175 g, $1.14/100g",Baking Essentials,20324338003_EA
"Gelatin Mix, Lemon Jelly Powder Light, No Sugar Added",$1.29 ,$1.29 ,"9.1 g, $14.18/100g",Baking Essentials,20300739007_EA
Chocolate Instant Pudding Mix,$2.29 ,$2.29 ,"170 g, $1.35/100g",Baking Essentials,20022570001_EA
"Berry Blue Jelly Powder, Gelatin Mix",$1.29 ,$1.29 ,"85 g, $1.52/100g",Baking Essentials,20317293005_EA
"Honey Graham Crumbs, Club Size",$6.49 ,$6.49 ,"1 kg, $0.65/100g",Baking Essentials,/p/20016630_EA
"Shirriff Mousse Mix, Milk Chocolate",$1.99 ,$2.39 ,"87 g, $2.29/100g",Baking Essentials,/p/20305289_EA
Butterscotch Instant Pudding Mix,$1.29 ,$1.29 ,"99 g, $1.30/100g",Baking Essentials,20307001003_EA
Pecan Halves,$14.99 ,$14.99 ,"400 g, $3.75/100g",Baking Essentials,/p/20425980_EA
Chopped Walnuts,$7.99 ,$7.99 ,"400 g, $2.00/100g",Baking Essentials,/p/20426198_EA
Sliced Blanched Almonds ,$6.79 ,$6.79 ,"400 g, $1.70/100g",Baking Essentials,/p/20426138_EA
Whole Wheat Flour,$20.99 ,$20.99 ,"9 kg, $0.23/100g",Baking Essentials,/p/20779326_EA
Baker's 100% Pure Unsweetened Chocolate Baking Bar,$6.49 ,$6.49 ,"225 g, $2.88/100g",Baking Essentials,20316019002_EA
Baker's 100% Pure Premium White Chocolate Baking Bar,$6.49 ,$6.49 ,"170 g, $3.82/100g",Baking Essentials,20296971001_EA
Whole Almonds,$20.49 ,$20.49 ,"1 kg, $2.05/100g",Baking Essentials,/p/20426875_EA
"Sweetened Shredded Coconut, Club Size",$9.49 ,$9.49 ,"1 kg, $0.95/100g",Baking Essentials,/p/20181225_EA
"Chipits Milk Chocolate Chips, 835G",$11.49 ,$11.49 ,"835 g, $1.38/100g",Baking Essentials,/p/21452942_EA
Durum Atta Flour,$31.49 ,$31.49 ,"9 kg, $0.35/100g",Baking Essentials,20312711002_EA
Complete Original Pancake & Waffle Mix,$3.99 ,$3.99 ,"905 g, $0.44/100g",Baking Essentials,/p/21384609_EA
Pre-Cooked White Corn Meal,$3.99 ,$3.99 ,"1 kg, $0.40/100g",Baking Essentials,/p/20945705_EA
Urad Flour,$6.99 ,$6.99 ,"800 g, $0.87/100g",Baking Essentials,/p/21068370_EA
Brown Whole Wheat Atta,$20.99 ,$20.99 ,"9.07 kg, $0.23/100g",Baking Essentials,/p/20869520_EA
Multi-Coloured Mini Marshmallows,$2.99 ,$2.99 ,"400 g, $0.75/100g",Baking Essentials,20311578001_EA
Premium Cocoa,$4.49 ,$5.49 ,"227 g, $1.98/100g",Baking Essentials,/p/20911652_EA
Coconut,$9.99 ,$9.99 ,"500 g, $2.00/100g",Baking Essentials,/p/20923503_EA
Pizza Yeast Strip,$1.99 ,$2.29 ,"24 g, $8.29/100g",Baking Essentials,/p/21351065_EA
Pomegranate Juice Concentrate,$3.99 ,$3.99 ,"300 ml, $1.33/100ml",Baking Essentials,/p/21217245_EA
Dark Rye Flour,$5.99 ,$5.99 ,"2.5 kg, $0.24/100g",Baking Essentials,/p/20124763_EA
Robertson's Mincemeat Without Suet 635 ml,$9.99 ,$10.99 ,"635 ml, $1.57/100ml",Baking Essentials,/p/21334858_EA
Pomegranate Juice Concentrate,$3.99 ,$3.99 ,"300 ml, $1.33/100ml",Baking Essentials,/p/21217245_EA
Unbleached Flour for Pizza,$4.29 ,$4.29 ,"1 kg, $0.43/100g",Baking Essentials,/p/20982877_EA
Unbleached All Purpose Flour,$6.49 ,$6.49 ,"2.5 kg, $0.26/100g",Baking Essentials,20039497005_EA
Cherry Pie Filling,$5.99 ,$5.99 ,"540 ml, $1.11/100ml",Baking Essentials,20297753001_EA
Mug Hot Fudge Chocolate Brownie,$4.49 ,$4.49 ,"294 g, $1.53/100g",Baking Essentials,/p/21095193_EA
Gluten Free Devil's Food Cake Mix,$7.29 ,$7.29 ,"425 g, $1.72/100g",Baking Essentials,20379076001_EA
Unbleached All-Purpose Flour,$11.99 ,$11.99 ,"10 kg, $0.12/100g",Baking Essentials,/p/20306865_EA
"Staybrite Baking Cups, Damask",$3.49 ,$3.49 ,"36 ea, $0.10/1ea",Baking Essentials,20795479001_EA
Brownies Mix - Frosted,$4.49 ,$4.49 ,"550 g, $0.82/100g",Baking Essentials,20078877001_EA
Color Right Food Colouring System,$26.99 ,$26.99 ,"1 ea, $26.99/1ea",Baking Essentials,/p/21014709_EA
Pitted Prunes,$7.49 ,$7.49 ,"500 g, $1.50/100g",Baking Essentials,/p/20092794_EA
Yellow Cornmeal,$3.49 ,$3.49 ,"2 kg, $0.17/100g",Baking Essentials,/p/20002703_EA
No-Bake Bites Cookie Dough Chocolate Chip,$4.49 ,$4.49 ,"292 g, $1.54/100g",Baking Essentials,/p/21398611_EA
Medium Whole Prunes,$11.99 ,$11.99 ,"750 g, $1.60/100g",Baking Essentials,/p/20648022_EA
"Chipits White Creme Baking Chips, 835G",$11.49 ,$11.49 ,"835 g, $1.38/100g",Baking Essentials,/p/21429102_EA
Organic Coconut Flour,$8.49 ,$8.49 ,"500 g, $1.70/100g",Baking Essentials,/p/21401331_EA
Cake & Pastry Self-Raising Flour,$5.99 ,$5.99 ,"1 kg, $0.60/100g",Baking Essentials,/p/20181562_EA
Lemon Square Baking Mix,$5.29 ,$5.29 ,"500 g, $1.06/100g",Baking Essentials,/p/20742928_EA
Sweetened Dried Mangoes,$3.99 ,$3.99 ,"120 g, $3.33/100g",Baking Essentials,20102045001_EA
Colour Swirl 3-Colour Piping Bag Coupler Kit,$9.99 ,$9.99 ,"9 ea, $1.11/1ea",Baking Essentials,/p/20917519_EA
Whole Wheat All Purpose Flour,$12.99 ,$12.99 ,"5 kg, $0.26/100g",Baking Essentials,20149342002_EA
The Decadent Semi-Sweet Chocolate Chips,$14.99 ,$14.99 ,"1.8 kg, $0.83/100g",Baking Essentials,/p/21025987_EA
Semi-Sweet Chocolate Chips,$10.49 ,$10.49 ,"1 kg, $1.05/100g",Baking Essentials,/p/20092062_EA
Dried Apricots,$6.99 ,$6.99 ,"140 g, $4.99/100g",Baking Essentials,/p/20742433_EA
"Whole Tart Montmorency Cherries, Sweetened Dried Fruit",$6.99 ,$6.99 ,"150 g, $4.66/100g",Baking Essentials,/p/20971242_EA
Artificial Vanilla Extract,$4.99 ,$4.99 ,"250 ml, $2.00/100ml",Baking Essentials,/p/20430551_EA
Oatmeal Cookie Mix,$6.29 ,$6.29 ,"900 g, $0.70/100g",Baking Essentials,20324656002_EA
Gluten Free Golden Cake Mix,$7.29 ,$7.29 ,"425 g, $1.72/100g",Baking Essentials,20379076002_EA
Sweet Complete Calorie-Free All-Purpose Sweetener from the Stevia Leaf,$10.99 ,$10.99 ,"454 g, $2.42/100g",Baking Essentials,/p/21363892_EA
"Instant Pudding Mix, Suprême French Vanilla",$2.19 ,$2.19 ,"3x43.0 g, $1.70/100g",Baking Essentials,20090857001_EA
Whipped Buttercream Frosting,$2.49 ,$2.49 ,"340 g, $0.73/100g",Baking Essentials,/p/21212286_EA
Red Velvet Cupcakes with Cream Cheese Flavoured Frosting,$4.49 ,$4.49 ,"465 g, $0.97/100g",Baking Essentials,20694464001_EA
Cream of Tartar,$5.29 ,$5.29 ,"62 g, $8.53/100g",Baking Essentials,/p/21034354_EA
"Mango, Blueberry And Grape Crispy Freeze-Dried Fruit Blend",$4.49 ,$4.49 ,"28 g, $16.04/100g",Baking Essentials,/p/21034267_EA
"Tropical Mango, Pineapple, Coconut And Ginger Sweetened Dried Fruit Blend",$7.49 ,$7.49 ,"300 g, $2.50/100g",Baking Essentials,/p/21021612_EA
"Raspberry Jelly Powder, Gelatin Mix",$1.29 ,$1.29 ,"85 g, $1.52/100g",Baking Essentials,/p/20321627_EA
"Mousse Mix, Double Chocolate",$1.99 ,$2.39 ,"120 g, $1.66/100g",Baking Essentials,/p/20316860_EA
"Shirriff Pudding & Pie Filling, Coconut",$1.99 ,$2.99 ,"175 g, $1.14/100g",Baking Essentials,20324338001_EA
Cooked Vanilla Pudding & Pie Filling,$3.49 ,$3.49 ,"135 g, $2.59/100g",Baking Essentials,20301142002_EA
Rice Flour,$2.29 ,$2.29 ,"400 g, $0.57/100g",Baking Essentials,/p/21450723_EA
Oreo Baking Crumbs,$5.29 ,$5.29 ,"400 g, $1.32/100g",Baking Essentials,20302704003_EA
"Pudding Supreme, French Vanilla",$1.49 ,$1.49 ,"90 g, $1.66/100g",Baking Essentials,20642408002_EA
"Shirriff Pudding & Pie Filling, Vanilla",$1.99 ,$2.99 ,"160 g, $1.24/100g",Baking Essentials,20324338005_EA
Chocolate Baking Crumbs,$3.79 ,$3.79 ,"400 g, $0.95/100g",Baking Essentials,/p/20321776_EA
White Rice Flour,$4.49 ,$4.49 ,"907 g, $0.50/100g",Baking Essentials,/p/20841159_EA
Dosa Mix,$3.49 ,$3.49 ,"500 g, $0.70/100g",Baking Essentials,/p/20357993_EA
"Chipits Pure Semi-Sweet Chocolate Chips, 925G",$11.49 ,$11.49 ,"925 g, $1.24/100g",Baking Essentials,/p/21452943_EA
Maraschino Cherries With Syrup,$3.99 ,$3.99 ,"375 ml, $1.06/100ml",Baking Essentials,/p/20050959_EA
Golden Apricot,$8.99 ,$8.99 ,"454 g, $1.98/100g",Baking Essentials,/p/21164492_EA
Semi-Sweet Chocolate Chips,$10.49 ,$10.49 ,"1 kg, $1.05/100g",Baking Essentials,/p/20092062_EA
"Whole Hazelnuts, Club Size",$25.99 ,$25.99 ,"1 kg, $2.60/100g",Baking Essentials,/p/20426894_EA
"Chipits White Creme Baking Chips, 200G",$4.29 ,$4.29 ,"200 g, $2.15/100g",Baking Essentials,/p/21452927_EA
"Strawberry Jelly Powder, Gelatin Mix",$2.29 ,$2.29 ,"170 g, $1.35/100g",Baking Essentials,20315081001_EA
"Cherry Jelly Powder, Gelatin Mix",$1.29 ,$1.29 ,"85 g, $1.52/100g",Baking Essentials,/p/20315681_EA
Blue Sparkle Gel,$3.49 ,$3.49 ,"99 g, $3.53/100g",Baking Essentials,/p/21363124_EA
"Raspberry Jelly Powder, Gelatin Mix",$1.29 ,$1.29 ,"85 g, $1.52/100g",Baking Essentials,/p/20321627_EA
"Shirriff Pudding & Pie Filling, Coconut",$1.99 ,$2.99 ,"175 g, $1.14/100g",Baking Essentials,20324338001_EA
Dried Apricots,$6.99 ,$6.99 ,"140 g, $4.99/100g",Baking Essentials,/p/20742433_EA
"Whole Tart Montmorency Cherries, Sweetened Dried Fruit",$6.99 ,$6.99 ,"150 g, $4.66/100g",Baking Essentials,/p/20971242_EA
Artificial Vanilla Extract,$4.99 ,$4.99 ,"250 ml, $2.00/100ml",Baking Essentials,/p/20430551_EA
Oatmeal Cookie Mix,$6.29 ,$6.29 ,"900 g, $0.70/100g",Baking Essentials,20324656002_EA
Gluten Free Golden Cake Mix,$7.29 ,$7.29 ,"425 g, $1.72/100g",Baking Essentials,20379076002_EA
Sweet Complete Calorie-Free All-Purpose Sweetener from the Stevia Leaf,$10.99 ,$10.99 ,"454 g, $2.42/100g",Baking Essentials,/p/21363892_EA
Red Velvet Cupcakes with Cream Cheese Flavoured Frosting,$4.49 ,$4.49 ,"465 g, $0.97/100g",Baking Essentials,20694464001_EA
Cream of Tartar,$5.29 ,$5.29 ,"62 g, $8.53/100g",Baking Essentials,/p/21034354_EA
"Mango, Blueberry And Grape Crispy Freeze-Dried Fruit Blend",$4.49 ,$4.49 ,"28 g, $16.04/100g",Baking Essentials,/p/21034267_EA
"Tropical Mango, Pineapple, Coconut And Ginger Sweetened Dried Fruit Blend",$7.49 ,$7.49 ,"300 g, $2.50/100g",Baking Essentials,/p/21021612_EA
Plant Based Golden Cake Baking Mix,$7.49 ,$7.49 ,"454 g, $1.65/100g",Baking Essentials,/p/21398566_EA
"Vanilla, Premium Artificial",$5.99 ,$5.99 ,"125 ml, $4.79/100ml",Baking Essentials,/p/20145663_EA
Lemon Square Baking Mix,$5.29 ,$5.29 ,"500 g, $1.06/100g",Baking Essentials,/p/20742928_EA
Sweetened Dried Mangoes,$3.99 ,$3.99 ,"120 g, $3.33/100g",Baking Essentials,20102045001_EA
Colour Swirl 3-Colour Piping Bag Coupler Kit,$9.99 ,$9.99 ,"9 ea, $1.11/1ea",Baking Essentials,/p/20917519_EA
"Almond Extract, Pure",$4.29 ,$4.29 ,"43 ml, $9.98/100ml",Baking Essentials,/p/20689951_EA
The Decadent Semi-Sweet Chocolate Chips,$14.99 ,$14.99 ,"1.8 kg, $0.83/100g",Baking Essentials,/p/21025987_EA
"Mousse Mix, Double Chocolate",$1.99 ,$2.39 ,"120 g, $1.66/100g",Baking Essentials,/p/20316860_EA
Cooked Vanilla Pudding & Pie Filling,$3.49 ,$3.49 ,"135 g, $2.59/100g",Baking Essentials,20301142002_EA
Rice Flour,$2.29 ,$2.29 ,"400 g, $0.57/100g",Baking Essentials,/p/21450723_EA
Oreo Baking Crumbs,$5.29 ,$5.29 ,"400 g, $1.32/100g",Baking Essentials,20302704003_EA
"Pudding Supreme, French Vanilla",$1.49 ,$1.49 ,"90 g, $1.66/100g",Baking Essentials,20642408002_EA
"Shirriff Pudding & Pie Filling, Vanilla",$1.99 ,$2.99 ,"160 g, $1.24/100g",Baking Essentials,20324338005_EA
Chocolate Baking Crumbs,$3.79 ,$3.79 ,"400 g, $0.95/100g",Baking Essentials,/p/20321776_EA
White Rice Flour,$4.49 ,$4.49 ,"907 g, $0.50/100g",Baking Essentials,/p/20841159_EA
Whole Wheat All Purpose Flour,$12.99 ,$12.99 ,"5 kg, $0.26/100g",Baking Essentials,20149342002_EA
Plant Based Vanilla Marshmallows,$5.99 ,$5.99 ,"284 g, $2.11/100g",Baking Essentials,/p/21473036_EA
"Instant Pudding Mix, Suprême French Vanilla",$2.19 ,$2.19 ,"3x43.0 g, $1.70/100g",Baking Essentials,20090857001_EA
Whipped Buttercream Frosting,$2.49 ,$2.49 ,"340 g, $0.73/100g",Baking Essentials,/p/21212286_EA
Pitted Prunes,$6.49 ,$6.49 ,"375 g, $1.73/100g",Baking Essentials,/p/20647362_EA
Old-Fashioned Pancake Mix,$2.99 ,$2.99 ,"905 g, $0.33/100g",Baking Essentials,/p/20322949_EA
Besan,$7.99 ,$7.99 ,"1810 g, $0.44/100g",Baking Essentials,/p/20869922_EA
Turbinado Sugar,$3.99 ,$3.99 ,"800 g, $0.50/100g",Baking Essentials,/p/20417216_EA
Dosa Mix,$3.49 ,$3.49 ,"500 g, $0.70/100g",Baking Essentials,/p/20357993_EA
"Chipits Pure Semi-Sweet Chocolate Chips, 925G",$11.49 ,$11.49 ,"925 g, $1.24/100g",Baking Essentials,/p/21452943_EA
Maraschino Cherries With Syrup,$3.99 ,$3.99 ,"375 ml, $1.06/100ml",Baking Essentials,/p/20050959_EA
Flour,$20.99 ,$20.99 ,"9 kg, $0.23/100g",Baking Essentials,20312711001_EA
Decadent Mini White Chips,$3.99 ,$3.99 ,"226 g, $1.77/100g",Baking Essentials,/p/21405746_EA
Creamed Rice Pudding,$3.99 ,$3.99 ,"400 g, $1.00/100g",Baking Essentials,/p/20789380_EA
Strawberry Glaze Mix    ,$1.79 ,$1.79 ,"28 g, $6.39/100g",Baking Essentials,20305923001_EA
"Pie Filling, Raspberry",$5.99 ,$5.99 ,"540 ml, $1.11/100ml",Baking Essentials,20297753008_EA
"Semi-Sweet Chocolate Chips, Club Size",$16.99 ,$16.99 ,"2 kg, $0.85/100g",Baking Essentials,/p/20003412_EA
Plant Based Chocolate Cake Baking Mix,$7.49 ,$7.49 ,"454 g, $1.65/100g",Baking Essentials,/p/21398573_EA
"Triplet Sprinkler, Pink Sprinkles",$6.99 ,$6.99 ,"185 g, $3.78/100g",Baking Essentials,20920938002_EA
Crepe Mix Chocolate,$6.29 ,$6.29 ,"700 g, $0.90/100g",Baking Essentials,/p/21456016_EA
The Decadent Triple Chocolate Brownie Baking Mix,$5.29 ,$5.29 ,"535 g, $0.99/100g",Baking Essentials,/p/20783821_EA
"Shirriff Filling & Dessert Mix, Light Lemon Pie",$1.99 ,$2.99 ,"106 g, $1.88/100g",Baking Essentials,20148369002_EA
Super Moist Cake Mix Golden,$2.49 ,$2.49 ,"375 g, $0.66/100g",Baking Essentials,/p/21547845_EA
Baking Powder,$4.49 ,$4.49 ,"340 g, $1.32/100g",Baking Essentials,/p/20604833_EA
Pumpkin Pie Filling,$5.99 ,$5.99 ,"540 ml, $1.11/100ml",Baking Essentials,20297753006_EA
"Pudding Supreme, English Toffee",$1.49 ,$1.49 ,"90 g, $1.66/100g",Baking Essentials,20642408003_EA
Glutinous Rice Flour,$1.99 ,$2.49 ,"400 g, $0.50/100g",Baking Essentials,/p/20357960_EA
No Bake Classic Cheesecake Dessert Kit,$3.99 ,$3.99 ,"314 g, $1.27/100g",Baking Essentials,/p/20967287_EA
Instant Pudding And Pie Filling,$3.49 ,$3.49 ,"170 g, $2.05/100g",Baking Essentials,20301142001_EA
Tapioca Pearl,$1.49 ,$1.49 ,"400 g, $0.37/100g",Baking Essentials,/p/21475807_EA
White cookie icing,$5.49 ,$5.49 ,"200 g, $2.75/100g",Baking Essentials,/p/21021603_EA
Edible Glitter Spray,$8.49 ,$8.49 ,"10 g, $84.90/100g",Baking Essentials,/p/21310503_EA
Calorie-Free Stevia Sweetener,$6.99 ,$6.99 ,"100 ea, $0.07/1ea",Baking Essentials,/p/20737431_EA
Unsweetened Fine Coconut,$2.29 ,$2.29 ,"200 g, $1.15/100g",Baking Essentials,20325160002_EA
Calorie-Free Sweetener Packets,$3.99 ,$3.99 ,"160 g, $2.49/100g",Baking Essentials,/p/20166921_EA
Triplet Sprinkler,$6.99 ,$6.99 ,"195 g, $3.78/100g",Baking Essentials,20920938003_EA
Black Mission Figs,$7.49 ,$7.49 ,"375 g, $2.00/100g",Baking Essentials,/p/20650548_EA
"Cake Mix, Cinnamon Toast Crunch",$4.49 ,$4.49 ,"453 g, $0.99/100g",Baking Essentials,/p/21508333_EA
Slivered Almonds ,$6.79 ,$6.79 ,"400 g, $1.70/100g",Baking Essentials,/p/20427101_EA
Original All Purpose Flour,$4.99 ,$4.99 ,"1 kg, $0.50/100g",Baking Essentials,/p/20063446_EA
All-Vegetable Shortening,$11.99 ,$11.99 ,"1.36 kg, $0.88/100g",Baking Essentials,/p/21475298_EA
Black Sparkle Gel,$3.49 ,$3.49 ,"99 g, $3.53/100g",Baking Essentials,/p/21363128_EA
Decorator Preferred 24-oz. White Fondant,$11.49 ,$11.49 ,"1 ea, $1,149.00/100ea",Baking Essentials,/p/20804258_EA
Sweetened Shredded Coconut,$2.29 ,$2.29 ,"200 g, $1.15/100g",Baking Essentials,20307131001_EA
Reese'S Mini Baking Pcs,$4.29 ,$4.29 ,"270 g, $1.59/100g",Baking Essentials,/p/21452932_EA
"Pie Filling, Cherry Light & Fruity",$5.99 ,$5.99 ,"540 ml, $1.11/100ml",Baking Essentials,20297753011_EA
Unsweetened Medium Coconut,$3.99 ,$3.99 ,"400 g, $1.00/100g",Baking Essentials,/p/20127930_EA
Almond Flour,$16.99 ,$16.99 ,"500 g, $3.40/100g",Baking Essentials,/p/21401911_EA
Gluten Free Chocolate Chip Cookie Mix,$7.29 ,$7.29 ,"539 g, $1.35/100g",Baking Essentials,/p/20794478_EA
Vanilla Sugar,$1.99 ,$2.69 ,"54 g, $3.69/100g",Baking Essentials,/p/21485288_EA
Bread Machine Yeast,$4.99 ,$4.99 ,"113 g, $4.42/100g",Baking Essentials,20298695001_EA
00 Style Pizza Flour,$6.99 ,$6.99 ,"2000 g, $0.35/100g",Baking Essentials,/p/21484990_EA
Baking Powder 450 gr,$7.99 ,$7.99 ,"450 g, $1.78/100g",Baking Essentials,/p/20124984_EA
Raw Sugar,$3.99 ,$3.99 ,"450 g, $0.89/100g",Baking Essentials,/p/20148743_EA
Super Moist Cake Mix Carrot,$2.49 ,$2.49 ,"375 g, $0.66/100g",Baking Essentials,/p/21547839_EA
"Triplet Sprinkler, Frozen Magic",$6.99 ,$6.99 ,"185 g, $3.78/100g",Baking Essentials,/p/21125072_EA
Food Colour,$5.79 ,$5.79 ,"40 ml, $14.48/100ml",Baking Essentials,/p/21440752_EA
No Calorie Granulated Stevia Sweetener,$8.99 ,$8.99 ,"280 g, $3.21/100g",Baking Essentials,/p/21083416_EA
Whole Wheat Flour,$6.49 ,$6.49 ,"5 kg, $0.13/100g",Baking Essentials,/p/20295614_EA
All Purpose Unbleached Flour,$5.99 ,$5.99 ,"2.5 kg, $0.24/100g",Baking Essentials,/p/21094513_EA
Scone Baking Mix,$5.29 ,$5.29 ,"500 g, $1.06/100g",Baking Essentials,/p/20219370_EA
"Cookies Mix, Cinnamon Toast Crunch",$4.49 ,$4.49 ,"357 g, $1.26/100g",Baking Essentials,/p/21508362_EA
Italian Strawberries,$7.99 ,$7.99 ,"225 ml, $3.55/100ml",Baking Essentials,/p/21380308_EA
Thompson Seedless Raisins,$7.99 ,$7.99 ,"750 g, $1.07/100g",Baking Essentials,/p/20648048_EA
White Rice Flour,$1.79 ,$1.79 ,"400 g, $0.45/100g",Baking Essentials,/p/21412730_EA
Sultana Raisins,$7.99 ,$7.99 ,"750 g, $1.07/100g",Baking Essentials,/p/20647009_EA
Rice Flour,$3.29 ,$3.29 ,"800 g, $0.41/100g",Baking Essentials,/p/21071277_EA
Corn Flour Makki Ka Atta,$14.99 ,$14.99 ,"5 kg, $0.30/100g",Baking Essentials,/p/21085851_EA
Walnut Pieces Club Size,$18.99 ,$18.99 ,"1 kg, $1.90/100g",Baking Essentials,/p/20426318_EA
"Cake Mix, Cinnamon Toast Crunch",$4.49 ,$4.49 ,"453 g, $0.99/100g",Baking Essentials,/p/21508333_EA
Slivered Almonds ,$6.79 ,$6.79 ,"400 g, $1.70/100g",Baking Essentials,/p/20427101_EA
Tapioca Pearl,$1.49 ,$1.49 ,"400 g, $0.37/100g",Baking Essentials,/p/21475807_EA
"Shirriff Pie Filling, Lemon",$1.99 ,$2.99 ,"212 g, $0.94/100g",Baking Essentials,/p/20302788_EA
Honeymaid Graham Crumbs,$5.29 ,$5.29 ,"400 g, $1.32/100g",Baking Essentials,20302704002_EA
Decorator Preferred 24-oz. White Fondant,$11.49 ,$11.49 ,"1 ea, $1,149.00/100ea",Baking Essentials,/p/20804258_EA
Sweetened Shredded Coconut,$2.29 ,$2.29 ,"200 g, $1.15/100g",Baking Essentials,20307131001_EA
Reese'S Mini Baking Pcs,$4.29 ,$4.29 ,"270 g, $1.59/100g",Baking Essentials,/p/21452932_EA
"Pudding Supreme, English Toffee",$1.49 ,$1.49 ,"90 g, $1.66/100g",Baking Essentials,20642408003_EA
"Pie Filling, Cherry Light & Fruity",$5.99 ,$5.99 ,"540 ml, $1.11/100ml",Baking Essentials,20297753011_EA
Unsweetened Medium Coconut,$3.99 ,$3.99 ,"400 g, $1.00/100g",Baking Essentials,/p/20127930_EA
Raw Sugar,$3.99 ,$3.99 ,"450 g, $0.89/100g",Baking Essentials,/p/20148743_EA
Super Moist Cake Mix Carrot,$2.49 ,$2.49 ,"375 g, $0.66/100g",Baking Essentials,/p/21547839_EA
Black Mission Figs,$7.49 ,$7.49 ,"375 g, $2.00/100g",Baking Essentials,/p/20650548_EA
All Purpose Unbleached Flour,$5.99 ,$5.99 ,"2.5 kg, $0.24/100g",Baking Essentials,/p/21094513_EA
Scone Baking Mix,$5.29 ,$5.29 ,"500 g, $1.06/100g",Baking Essentials,/p/20219370_EA
Original All Purpose Flour,$4.99 ,$4.99 ,"1 kg, $0.50/100g",Baking Essentials,/p/20063446_EA
All-Vegetable Shortening,$11.99 ,$11.99 ,"1.36 kg, $0.88/100g",Baking Essentials,/p/21475298_EA
Black Sparkle Gel,$3.49 ,$3.49 ,"99 g, $3.53/100g",Baking Essentials,/p/21363128_EA
Almond Flour,$16.99 ,$16.99 ,"500 g, $3.40/100g",Baking Essentials,/p/21401911_EA
Gluten Free Chocolate Chip Cookie Mix,$7.29 ,$7.29 ,"539 g, $1.35/100g",Baking Essentials,/p/20794478_EA
Vanilla Sugar,$1.99 ,$2.69 ,"54 g, $3.69/100g",Baking Essentials,/p/21485288_EA
00 Style Pizza Flour,$6.99 ,$6.99 ,"2000 g, $0.35/100g",Baking Essentials,/p/21484990_EA
No Calorie Stevia Sweetener Packets,$5.79 ,$5.79 ,"80 g, $7.24/100g",Baking Essentials,/p/21032792_EA
Pre Cooked White Corn Flour,$7.99 ,$7.99 ,"2.27 kg, $0.35/100g",Baking Essentials,/p/21019067_EA
Pine Nuts,$7.49 ,$7.49 ,"100 g, $7.49/100g",Baking Essentials,/p/20139927_EA
Organic Coconut Sugar,$8.99 ,$8.99 ,"500 g, $1.80/100g",Baking Essentials,/p/20693092_EA
Pitted Prunes,$11.99 ,$11.99 ,"750 g, $1.60/100g",Baking Essentials,/p/20647008_EA
"Chipits  Toffee Bits Baking Candy, 200G",$4.29 ,$4.29 ,"200 g, $2.15/100g",Baking Essentials,20322910004_EA
Chipits Unicorn Swirls,$4.29 ,$4.29 ,"180 g, $2.38/100g",Baking Essentials,/p/21424064_EA
Amarena Cherries Candied Sour Cherries in a Flavoured Syrup ,$8.49 ,$8.49 ,"225 ml, $3.77/100ml",Baking Essentials,/p/21380306_EA
Stevia Sweetener Packets,$5.29 ,$5.29 ,"80 g, $6.61/100g",Baking Essentials,/p/21030504_EA
Icing Colour Gel Pastel Colours Set,$7.49 ,$7.49 ,"4 ea, $1.87/1ea",Baking Essentials,/p/20813441_EA
Sprinkles Twister Blue Mix,$4.99 ,$4.99 ,"140 g, $3.56/100g",Baking Essentials,/p/21241805_EA
No Calorie Dissolvable Sweetener Tablet Minis,$6.99 ,$6.99 ,"11 g, $63.55/100g",Baking Essentials,/p/20998793_EA
Palm Sugar,$3.19 ,$3.19 ,"454 g, $0.70/100g",Baking Essentials,/p/20689908_EA
Berry Sugar,$2.99 ,$2.99 ,"1 kg, $0.30/100g",Baking Essentials,/p/20070664_EA
Oatmeal Low-Fat Muffin Mix,$6.29 ,$6.29 ,"900 g, $0.70/100g",Baking Essentials,20301064007_EA
Sweet Complete Icing Calorie-Free Sweetener with the Stevia Leaf,$10.99 ,$10.99 ,"340 g, $3.23/100g",Baking Essentials,/p/21363897_EA
Decorating Kit 4 Sprinkles Tube,$9.99 ,$9.99 ,"116 g, $8.61/100g",Baking Essentials,/p/21440754_EA
Small Sugar Packets,$2.99 ,$2.99 ,"350 g, $0.85/100g",Baking Essentials,/p/20999682_EA
Stevia Sweetener Packets,$5.29 ,$5.29 ,"80 g, $6.61/100g",Baking Essentials,/p/21030504_EA
Icing Colour Gel Pastel Colours Set,$7.49 ,$7.49 ,"4 ea, $1.87/1ea",Baking Essentials,/p/20813441_EA
Meringue Powder,$5.79 ,$5.79 ,"113 g, $5.12/100g",Baking Essentials,/p/21195304_EA
Thompson Seedless Raisins  ,$4.49 ,$4.49 ,"375 g, $1.20/100g",Baking Essentials,/p/20647401_EA
Sprinkles Twister Blue Mix,$4.99 ,$4.99 ,"140 g, $3.56/100g",Baking Essentials,/p/21241805_EA
No Calorie Dissolvable Sweetener Tablet Minis,$6.99 ,$6.99 ,"11 g, $63.55/100g",Baking Essentials,/p/20998793_EA
Sugar Cookie Mix,$4.49 ,$4.49 ,"496 g, $0.91/100g",Baking Essentials,20325452004_EA
"Cane Sugar Blend, Mix of Stevia Sweetener and Cane Sugar, Baking Blend",$11.99 ,$11.99 ,"680 g, $1.76/100g",Baking Essentials,/p/20821252_EA
Berry Sugar,$2.99 ,$2.99 ,"1 kg, $0.30/100g",Baking Essentials,/p/20070664_EA
Oatmeal Low-Fat Muffin Mix,$6.29 ,$6.29 ,"900 g, $0.70/100g",Baking Essentials,20301064007_EA
Sweet Complete Icing Calorie-Free Sweetener with the Stevia Leaf,$10.99 ,$10.99 ,"340 g, $3.23/100g",Baking Essentials,/p/21363897_EA
Decorating Kit 4 Sprinkles Tube,$9.99 ,$9.99 ,"116 g, $8.61/100g",Baking Essentials,/p/21440754_EA
Plant Based Brownie Baking Mix,$7.49 ,$7.49 ,"500 g, $1.50/100g",Baking Essentials,/p/21398575_EA
Whole Earth Stevia Monk Fruit,$7.29 ,$8.29 ,"80 ea, $0.09/1ea",Baking Essentials,/p/21123979_EA
Whole Grain Pancake And Waffle Mix,$3.99 ,$3.99 ,"905 g, $0.44/100g",Baking Essentials,/p/20344214_EA
Pure Lard,$3.99 ,$3.99 ,"454 g, $0.88/100g",Baking Essentials,/p/20129484_EA
Golden Mix Sprinkles Twister,$4.99 ,$4.99 ,"140 g, $3.56/100g",Baking Essentials,/p/21241807_EA
Craisins Dried Cranberries,$7.99 ,$7.99 ,"680 g, $1.18/100g",Baking Essentials,/p/20949371_EA
Pink Frosting Tube,$2.29 ,$2.29 ,"80 g, $2.86/100g",Baking Essentials,/p/21241821_EA
"Pitted Prunes, Club Size",$15.99 ,$15.99 ,"1 kg, $1.60/100g",Baking Essentials,/p/20647526_EA
Natural California Raisins,$4.49 ,$6.49 ,"500 g, $0.90/100g",Baking Essentials,/p/21307235_EA
Cheddar Bay Biscuit Mix,$4.99 ,$4.99 ,"322 g, $1.55/100g",Baking Essentials,/p/20999799_EA
Plant Based Mini Chocolate Chips Semi-Sweet,$4.29 ,$4.29 ,"300 g, $1.43/100g",Baking Essentials,/p/21334837_EA
Low Calorie Brown Sugar Blend for Baking,$8.99 ,$8.99 ,"454 g, $1.98/100g",Baking Essentials,/p/20982548_EA
Crispy Fuji Apple Freeze-Dried Fruit,$4.49 ,$4.49 ,"28 g, $16.04/100g",Baking Essentials,/p/21034566_EA
"Triplet Sprinkler, Spring Breeze",$6.99 ,$6.99 ,"185 g, $3.78/100g",Baking Essentials,/p/21124537_EA
Blueberry Buttermilk Flavour Muffin Mix,$6.29 ,$6.29 ,"900 g, $0.70/100g",Baking Essentials,20301064003_EA
Mug Cake Double Chocolate Cake with Fudge Topping,$4.49 ,$4.49 ,"266 g, $1.69/100g",Baking Essentials,/p/21094975_EA
Natural Source Stevia Calorie-Free Liquid Sweetener,$4.99 ,$4.99 ,"50 ml, $9.98/100ml",Baking Essentials,/p/21022010_EA
Thompson Seedless Raisins Club Size,$15.99 ,$15.99 ,"2 kg, $0.80/100g",Baking Essentials,/p/20647010_EA
Natural Sweetener Bakers Bag,$10.29 ,$10.29 ,"275 g, $3.74/100g",Baking Essentials,/p/20706816_EA
Chick Peas Flour,$4.49 ,$4.49 ,"907 g, $0.50/100g",Baking Essentials,/p/20845331_EA
"Lime Jelly Powder, Gelatin Mix",$1.29 ,$1.29 ,"85 g, $1.52/100g",Baking Essentials,/p/20312946_EA
Custard Powder,$4.79 ,$4.79 ,"340 g, $1.41/100g",Baking Essentials,/p/20122892_EA
Super Moist Cake Mix Cherry Chips,$2.49 ,$2.49 ,"375 g, $0.66/100g",Baking Essentials,/p/21547847_EA
Cube Sugar,$3.29 ,$3.29 ,"500 g, $0.66/100g",Baking Essentials,/p/20795862_EA
"Pie Filling,  Cherry Cranberry",$5.99 ,$5.99 ,"540 ml, $1.11/100ml",Baking Essentials,20297753002_EA
Light Cherry Pie Filling,$5.49 ,$5.49 ,"540 ml, $1.02/100ml",Baking Essentials,/p/20718046_EA
All-Purpose Flour,$2.49 ,$2.49 ,"1 kg, $0.25/100g",Baking Essentials,/p/21061463_EA
The Decadent Chocolate Cake Mix,$5.29 ,$5.29 ,"500 g, $1.06/100g",Baking Essentials,/p/20805770_EA
Dried Apricots Club Size,$19.49 ,$19.49 ,"1 kg, $1.95/100g",Baking Essentials,/p/20647529_EA
Yellow Cornmeal,$2.99 ,$2.99 ,"907 g, $0.33/100g",Baking Essentials,20320374001_EA
"Chipits Dark Chocolate Chips, 775G",$11.49 ,$11.49 ,"775 g, $1.48/100g",Baking Essentials,/p/21452944_EA
Cut Mixed Peel,$3.99 ,$3.99 ,"225 g, $1.77/100g",Baking Essentials,/p/20316881_EA
Candy Melts® 12oz Light Cocoa,$3.49 ,$3.49 ,"340 g, $1.03/100g",Baking Essentials,/p/21195007_EA
Craisins Sweetened Dried Cranberries ,$3.99 ,$3.99 ,"340 g, $1.17/100g",Baking Essentials,/p/20007659_EA
Walnut Pieces,$3.29 ,$3.29 ,"100 g, $3.29/100g",Baking Essentials,/p/20617491_EA
Traditional Yeast,$1.99 ,$2.29 ,"24 g, $8.29/100g",Baking Essentials,/p/21351367_EA
Golden All-Vegetable Shortening,$3.99 ,$4.49 ,"454 g, $0.88/100g",Baking Essentials,/p/21475369_EA
Pure Vanilla,$17.99 ,$17.99 ,"125 ml, $14.39/100ml",Baking Essentials,/p/20134601_EA
"Raspberry Jelly Powder Light, Gelatin Mix",$1.29 ,$1.29 ,"10 g, $12.90/100g",Baking Essentials,20300739001_EA
Baker's 100% Pure Semi-Sweet Chocolate Baking Bar,$6.49 ,$6.49 ,"225 g, $2.88/100g",Baking Essentials,20316019001_EA
"Cocoa, Club Size",$7.99 ,$7.99 ,"454 g, $1.76/100g",Baking Essentials,/p/21039704_EA
"Chipits 70% Dark Chocolate Chunks, 200G",$4.29 ,$4.29 ,"200 g, $2.15/100g",Baking Essentials,/p/21116348_EA
Baker's Premium 70% Dark Chocolate Baking Bar,$6.49 ,$6.49 ,"170 g, $3.82/100g",Baking Essentials,/p/20001792_EA
Protein Pancake & Waffle Mix Buttermilk,$9.49 ,$9.49 ,"430 g, $2.21/100g",Baking Essentials,/p/21375781_EA
Whipped Topping Mix,$3.79 ,$3.79 ,"85 g, $4.46/100g",Baking Essentials,/p/20027163_EA
Pure Lemon Extract,$3.29 ,$3.29 ,"43 ml, $7.65/100ml",Baking Essentials,20295898001_EA
Blackstrap Molasses,$5.99 ,$5.99 ,"675 g, $0.89/100g",Baking Essentials,/p/20664031_EA
Red Cookie Icing,$5.49 ,$5.49 ,"200 g, $2.75/100g",Baking Essentials,/p/21021597_EA
Super Moist Cake Mix Pecan,$2.49 ,$2.49 ,"375 g, $0.66/100g",Baking Essentials,/p/21547842_EA
Whole Wheat Atta Flour,$14.99 ,$14.99 ,"9.07 kg, $0.17/100g",Baking Essentials,p/21503429_C01
Glutinous Rice Flour,$1.79 ,$1.79 ,"400 g, $0.45/100g",Baking Essentials,/p/21412794_EA
Sweetened Dried Cranberries ,$7.99 ,$7.99 ,"750 g, $1.07/100g",Baking Essentials,/p/20647525_EA
Pecan Pieces,$3.79 ,$3.79 ,"100 g, $3.79/100g",Baking Essentials,/p/20171622_EA
Brown Sugar In Pieces ,$1.79 ,$1.79 ,"454 g, $0.39/100g",Baking Essentials,/p/20842053_EA
Currants,$4.79 ,$4.79 ,"375 g, $1.28/100g",Baking Essentials,/p/20647361_EA
Kheer Mix for Rice Pudding,$2.19 ,$2.19 ,"155 g, $1.41/100g",Baking Essentials,20430516001_EA
Corn Flour,$6.99 ,$6.99 ,"1810 g, $0.39/100g",Baking Essentials,/p/20869921_EA
Corn Starch,$2.49 ,$2.99 ,"454 g, $0.55/100g",Baking Essentials,/p/21047841_EA
"Blueberries, Sweetened Dried Fruit",$16.99 ,$16.99 ,"500 g, $3.40/100g",Baking Essentials,/p/20219509_EA
Blue Decorating Icing,$4.49 ,$4.49 ,"120 g, $3.74/100g",Baking Essentials,/p/21020738_EA
Buttermilk Pancake & Waffle Mix,$3.99 ,$3.99 ,"905 g, $0.44/100g",Baking Essentials,/p/21384600_EA
Epic Cookie Kit Cookie Dough,$6.99 ,$6.99 ,"629 g, $1.11/100g",Baking Essentials,/p/21451427_EA
Red Glace Cherries,$6.79 ,$6.79 ,"450 g, $1.51/100g",Baking Essentials,20055326001_EA
Durum Semolina,$4.49 ,$4.49 ,"750 g, $0.60/100g",Baking Essentials,/p/20162431_EA
Buttermilk Complete Pancake Mix,$3.99 ,$3.99 ,"905 g, $0.44/100g",Baking Essentials,/p/21384573_EA
Craisins Sweetened Dried Cranberries With Cherry Juice Concentrate,$2.99 ,$2.99 ,"170 g, $1.76/100g",Baking Essentials,20300784002_EA
"Dry Fruit Mix, Thai Premium",$9.99 ,$9.99 ,"500 g, $2.00/100g",Baking Essentials,/p/20923569_EA
"Artificial Vanilla Extract, Club Size",$8.99 ,$8.99 ,"1 l, $0.90/100ml",Baking Essentials,/p/20079183_EA
Yellow Rock Sugar ,$1.79 ,$1.79 ,"400 g, $0.45/100g",Baking Essentials,/p/20840571_EA
"Décors, Imitation Chocolate",$3.99 ,$3.99 ,"113 g, $3.53/100g",Baking Essentials,20299240005_EA
California Sun-Dried Organic Raisin,$8.49 ,$8.49 ,"400 g, $2.12/100g",Baking Essentials,/p/21364464_EA
"All Purpose Unbleached Flour, Club Size",$16.99 ,$16.99 ,"10 kg, $0.17/100g",Baking Essentials,/p/21086067_EA
Best For Bread Homestyle White Flour,$12.99 ,$12.99 ,"5 kg, $0.26/100g",Baking Essentials,20104269001_EA
Natural Turbinado Sugar,$3.99 ,$3.99 ,"50 g, $1.60/100g",Baking Essentials,/p/20794547_EA
Twister Sprinkle Rainbow Mix,$4.99 ,$4.99 ,"140 g, $3.56/100g",Baking Essentials,/p/21241806_EA
Butter Tart Filling Mix,$1.99 ,$2.99 ,"180 g, $1.11/100g",Baking Essentials,/p/21165909_EA
"Shirriff Mousse Mix, Strawberry",$1.99 ,$2.39 ,"69 g, $2.88/100g",Baking Essentials,/p/20300289_EA
"Shirriff Filling and Dessert Mix, Key Lime",$1.99 ,$2.99 ,"212 g, $0.94/100g",Baking Essentials,20148369001_EA
"Décors, Star",$3.99 ,$3.99 ,"82 g, $4.87/100g",Baking Essentials,20299071001_EA
Pure Maple Shaker Pancakes ,$2.99 ,$2.99 ,"150 g, $1.99/100g",Baking Essentials,/p/21379243_EA
Whole Wheat Flour,$3.99 ,$3.99 ,"2.5 kg, $0.16/100g",Baking Essentials,/p/20303325_EA
The Decadent Swirled White & Milk Chocolate Chips,$3.99 ,$3.99 ,"226 g, $1.77/100g",Baking Essentials,/p/20301124_EA
Oatmeal Muffin Mix,$5.29 ,$5.29 ,"900 g, $0.59/100g",Baking Essentials,/p/21165877_EA
Artificial Vanilla Extract,$4.99 ,$4.99 ,"250 ml, $2.00/100ml",Baking Essentials,/p/20017712_EA
California Sun-Dried Organic Raisin,$8.49 ,$8.49 ,"400 g, $2.12/100g",Baking Essentials,/p/21364464_EA
"All Purpose Unbleached Flour, Club Size",$16.99 ,$16.99 ,"10 kg, $0.17/100g",Baking Essentials,/p/21086067_EA
Whole Wheat Flour,$11.99 ,$11.99 ,"10 kg, $0.12/100g",Baking Essentials,/p/20309126_EA
Epic Cookie Kit Cookie Dough,$6.99 ,$6.99 ,"629 g, $1.11/100g",Baking Essentials,/p/21451427_EA
Confetti Cake Mix,$4.99 ,$4.99 ,"430 g, $1.16/100g",Baking Essentials,20136507002_EA
Epic Brownie Kit S'mores,$6.99 ,$6.99 ,"685 g, $1.02/100g",Baking Essentials,/p/21453676_EA
Bisquick Pancake and Baking Mix,$4.79 ,$4.79 ,"1130 g, $0.42/100g",Baking Essentials,/p/21520994_EA
Red Glace Cherries,$6.79 ,$6.79 ,"450 g, $1.51/100g",Baking Essentials,20055326001_EA
Durum Semolina,$4.49 ,$4.49 ,"750 g, $0.60/100g",Baking Essentials,/p/20162431_EA
Buttermilk Complete Pancake Mix,$3.99 ,$3.99 ,"905 g, $0.44/100g",Baking Essentials,/p/21384573_EA
Craisins Sweetened Dried Cranberries With Cherry Juice Concentrate,$2.99 ,$2.99 ,"170 g, $1.76/100g",Baking Essentials,20300784002_EA
"Dry Fruit Mix, Thai Premium",$9.99 ,$9.99 ,"500 g, $2.00/100g",Baking Essentials,/p/20923569_EA
Twister Sprinkle Rainbow Mix,$4.99 ,$4.99 ,"140 g, $3.56/100g",Baking Essentials,/p/21241806_EA
Original All Purpose Flour,$12.99 ,$12.99 ,"5 kg, $0.26/100g",Baking Essentials,20149342001_EA
"SuperMoist Cake Mix, White",$2.49 ,$2.49 ,"404 g, $0.62/100g",Baking Essentials,/p/21547840_EA
Coconut Sugar,$4.99 ,$4.99 ,"450 g, $1.11/100g",Baking Essentials,/p/20997484_EA
Madagascar Bourbon Vanilla Cake Mix,$5.29 ,$5.29 ,"500 g, $1.06/100g",Baking Essentials,/p/20805114_EA
Chocolate Chunk Brownie Mix,$4.49 ,$4.49 ,"440 g, $1.02/100g",Baking Essentials,/p/20754542_EA
Pitted California Dates,$3.79 ,$3.79 ,"200 g, $1.90/100g",Baking Essentials,/p/20970802_EA
"Pecan Halves, Club Pack",$29.49 ,$29.49 ,"1 kg, $2.95/100g",Baking Essentials,/p/20427145_EA
Granulated Keto Sweetener Jar,$10.99 ,$11.99 ,"540 g, $2.04/100g",Baking Essentials,/p/21363621_EA
Chopped Walnuts,$3.29 ,$3.29 ,"100 g, $3.29/100g",Baking Essentials,/p/20599246_EA
"Culinary Parchment, Lotus Cups",$4.49 ,$4.49 ,"12 ea, $0.37/1ea",Baking Essentials,/p/20606118_EA
Culinary Parchment,$4.79 ,$4.79 ,"60 ea, $0.08/1ea",Baking Essentials,/p/20605439_EA
Whole Hazelnuts,$4.49 ,$4.49 ,"100 g, $4.49/100g",Baking Essentials,/p/20617671_EA
Protein Pancake & Waffle Mix,$9.49 ,$9.49 ,"430 g, $2.21/100g",Baking Essentials,/p/21421946_EA
Ground Almonds,$3.29 ,$3.29 ,"100 g, $3.29/100g",Baking Essentials,/p/20617519_EA
Chocolate Chip Cookie Mix ,$4.49 ,$4.49 ,"496 g, $0.91/100g",Baking Essentials,20325452001_EA
Epic Cookie Dough Cookie Bar Kit,$6.99 ,$6.99 ,"780 g, $0.90/100g",Baking Essentials,/p/21523908_EA
Creamy Deluxe French Vanilla Frosting ,$2.49 ,$2.49 ,"450 g, $0.55/100g",Baking Essentials,20562641004_EA
Blue Decorating Icing,$4.49 ,$4.49 ,"120 g, $3.74/100g",Baking Essentials,/p/21020738_EA
"Artificial Vanilla Extract, Club Size",$8.99 ,$8.99 ,"1 l, $0.90/100ml",Baking Essentials,/p/20079183_EA
Pre-Cooked Yellow Corn Meal,$3.99 ,$3.99 ,"1 kg, $0.40/100g",Baking Essentials,/p/20945695_EA
Best For Bread Homestyle White Flour,$12.99 ,$12.99 ,"5 kg, $0.26/100g",Baking Essentials,20104269001_EA
Natural Turbinado Sugar,$3.99 ,$3.99 ,"50 g, $1.60/100g",Baking Essentials,/p/20794547_EA
Plant Based Pancake Mix Original,$5.49 ,$5.49 ,"400 g, $1.37/100g",Baking Essentials,/p/21351728_EA
"Chipits Pure Semi-Sweet Chocolate Chips, 1.65Kg",$16.99 ,$16.99 ,"1650 g, $1.03/100g",Baking Essentials,/p/21452945_EA
Red Velvet Cake Mix,$5.29 ,$5.29 ,"500 g, $1.06/100g",Baking Essentials,/p/20429981_EA
Ancient Grains & Super Seeds Blend,$3.19 ,$3.19 ,"227 g, $1.41/100g",Baking Essentials,/p/21024184_EA
Jumbo Marshmallows,$2.99 ,$2.99 ,"400 g, $0.75/100g",Baking Essentials,/p/21023141_EA
"Triplet Sprinkler, Blue Sprinkles",$6.99 ,$6.99 ,"185 g, $3.78/100g",Baking Essentials,20920938001_EA
Oatmeal Muffin Mix,$5.29 ,$5.29 ,"900 g, $0.59/100g",Baking Essentials,/p/21165877_EA
"Décors, Star",$3.99 ,$3.99 ,"82 g, $4.87/100g",Baking Essentials,20299071001_EA
Shirriff Chocolate Pudding & Pie Filling,$1.99 ,$2.99 ,"180 g, $1.11/100g",Baking Essentials,20324338004_EA
"Cherry Jelly Powder Light, Gelatin Mix",$1.29 ,$1.29 ,"11.2 g, $11.52/100g",Baking Essentials,20300739003_EA
"Instant Pudding and Pie Filling, Banana Cream",$3.49 ,$3.49 ,"135 g, $2.59/100g",Baking Essentials,20301142004_EA
Butter Tart Filling Mix,$1.99 ,$2.99 ,"180 g, $1.11/100g",Baking Essentials,/p/21165909_EA
"Shirriff Mousse Mix, Strawberry",$1.99 ,$2.39 ,"69 g, $2.88/100g",Baking Essentials,/p/20300289_EA
Whole Wheat Flour,$3.99 ,$3.99 ,"2.5 kg, $0.16/100g",Baking Essentials,/p/20303325_EA
The Decadent Swirled White & Milk Chocolate Chips,$3.99 ,$3.99 ,"226 g, $1.77/100g",Baking Essentials,/p/20301124_EA
Banana And Strawberry Crispy Freeze-Dried Fruit Blend,$4.49 ,$4.49 ,"28 g, $16.04/100g",Baking Essentials,/p/21034322_EA
Low Fat Carrot Muffin Mix,$6.29 ,$6.29 ,"900 g, $0.70/100g",Baking Essentials,20301064010_EA
All-Purpose Flour,$6.49 ,$6.49 ,"5 kg, $0.13/100g",Baking Essentials,/p/20252415_EA
Gluten Free Chocolate Brownie Mix,$7.29 ,$7.29 ,"454 g, $1.61/100g",Baking Essentials,/p/20794706_EA
Candy Eyeball Decorations,$5.99 ,$5.99 ,"25 g, $23.96/100g",Baking Essentials,/p/21011134_EA
Cornmeal,$4.29 ,$4.29 ,"750 g, $0.57/100g",Baking Essentials,/p/20105105_EA
Best for Cake & Pastry Flour,$6.49 ,$6.49 ,"2.5 kg, $0.26/100g",Baking Essentials,20039497002_EA
"Décors, Star",$3.99 ,$3.99 ,"82 g, $4.87/100g",Baking Essentials,20299071001_EA
Sweetened Flaked Coconut,$2.29 ,$2.29 ,"200 g, $1.15/100g",Baking Essentials,20307131002_EA
Tapioca Starch,$1.49 ,$1.49 ,"400 g, $0.37/100g",Baking Essentials,/p/21412796_EA
Wheat Atta Flour,$23.99 ,$23.99 ,"9 kg, $0.27/100g",Baking Essentials,20312711003_EA
Whole Cashews,$3.49 ,$3.49 ,"100 g, $3.49/100g",Baking Essentials,/p/20617951_EA
Pitted Dates,$7.29 ,$7.29 ,"500 g, $1.46/100g",Baking Essentials,/p/20647404_EA
Pre-Cooked Yellow Corn Meal,$3.99 ,$3.99 ,"1 kg, $0.40/100g",Baking Essentials,/p/20945695_EA
Blueberry Pie Filling,$5.49 ,$5.49 ,"540 ml, $1.02/100ml",Baking Essentials,/p/20718113_EA
Cake Mix Spice,$4.49 ,$4.49 ,"375 g, $1.20/100g",Baking Essentials,/p/21547843_EA
Oatmeal Muffin Mix,$6.29 ,$6.29 ,"900 g, $0.70/100g",Baking Essentials,20301064005_EA
"Frosting Tube Baby Blue, Vanilla",$2.29 ,$2.29 ,"80 g, $2.86/100g",Baking Essentials,/p/21241819_EA
Instant Dry Yeast,$5.29 ,$5.29 ,"100 g, $5.29/100g",Baking Essentials,/p/21335389_EA
"Staybrite Baking Cups, Treats",$3.49 ,$3.49 ,"36 ea, $0.10/1ea",Baking Essentials,20795479004_EA
Kraft Tapioca,$4.49 ,$4.49 ,"225 g, $2.00/100g",Baking Essentials,/p/20144445_EA
White Decorating Icing,$4.49 ,$4.49 ,"120 g, $3.74/100g",Baking Essentials,/p/21020402_EA
Pastry Flour Soft Wheat,$4.29 ,$4.29 ,"1 kg, $0.43/100g",Baking Essentials,/p/21332415_EA
Walnut Halves Club Size,$19.49 ,$19.49 ,"1 kg, $1.95/100g",Baking Essentials,/p/20426171_EA
"Sprinkles, Rainbow Round",$3.99 ,$3.99 ,"113 g, $3.53/100g",Baking Essentials,20299240001_EA
"Décors, Red",$3.99 ,$3.99 ,"113 g, $3.53/100g",Baking Essentials,20299240003_EA
Bakery Format Quick Rise Yeast Club Pack,$9.99 ,$9.99 ,"450 g, $2.22/100g",Baking Essentials,/p/20167295_EA
Craisins Sweetened Dried Cranberries ,$9.99 ,$9.99 ,"1.36 kg, $0.73/100g",Baking Essentials,/p/20049557_EA
Stevia Leaf Extract Sweetener,$4.79 ,$4.79 ,"90 g, $5.32/100g",Baking Essentials,/p/20814206_EA
All-Vegetable Shortening,$4.29 ,$4.29 ,"454 g, $0.94/100g",Baking Essentials,/p/20120854_EA
Candy Card Happy Birthday,$3.99 ,$3.99 ,"33 g, $12.09/100g",Baking Essentials,/p/21011766_EA
Madagascar Bourbon Pure Vanilla Extract,$16.49 ,$16.49 ,"120 ml, $13.74/100ml",Baking Essentials,20381421001_EA
150 Baking Cups,$5.49 ,$5.49 ,"150x1.0 ea, $0.04/1ea",Baking Essentials,/p/21002883_EA
Chocolate Chip Muffin Mix,$2.49 ,$2.49 ,"184 g, $1.35/100g",Baking Essentials,/p/20703153_EA
Blue & Yellow Buttery Cream Flavour Swirled Frosting,$6.99 ,$6.99 ,"160 g, $4.37/100g",Baking Essentials,/p/21440757_EA
Whip It,$0.99 ,$0.99 ,"20 g, $4.95/100g",Baking Essentials,/p/20067378_EA
"Strawberry Jelly Powder Light, Gelatin Mix",$1.29 ,$1.29 ,"10.1 g, $12.77/100g",Baking Essentials,20300739002_EA
Potato Starch,$4.49 ,$4.49 ,"400 g, $1.12/100g",Baking Essentials,/p/21451854_EA
"Lemon Jelly Powder, Gelatin Mix",$1.29 ,$1.29 ,"85 g, $1.52/100g",Baking Essentials,20317293003_EA
"Dessert Mix, Crème Brûlée",$1.99 ,$2.39 ,"106 g, $1.88/100g",Baking Essentials,/p/20302193_EA
Twinkle Baker Décor Barbie Triplet Sprinkles Barbie Sprinkle Mixes 200 g,$7.99 ,$7.99 ,"200 g, $4.00/100g",Baking Essentials,/p/21361588_EA
Oatmeal Cookie Mix,$5.29 ,$5.29 ,"900 g, $0.59/100g",Baking Essentials,/p/20430527_EA
Apple Pie Filling,$5.49 ,$5.49 ,"540 ml, $1.02/100ml",Baking Essentials,/p/20718633_EA
Pure Vanilla,$7.99 ,$7.99 ,"46 ml, $17.37/100ml",Baking Essentials,/p/20061848_EA
Cake & Pastry Flour,$3.99 ,$3.99 ,"2.5 kg, $0.16/100g",Baking Essentials,/p/21045252_EA
Cake & Pastry Self-Raising Flour,$9.99 ,$9.99 ,"2.5 kg, $0.40/100g",Baking Essentials,/p/20106104_EA
No Calorie Granulated Stevia Sweetener for Baking,$10.49 ,$10.49 ,"221 g, $4.75/100g",Baking Essentials,/p/21191938_EA
Plant Based Chocolate Chips Semi-Sweet,$4.29 ,$4.29 ,"300 g, $1.43/100g",Baking Essentials,/p/21334830_EA
Unsweetened Dried Mango,$5.29 ,$5.29 ,"110 g, $4.81/100g",Baking Essentials,/p/21086083_EA
Yogurt Raisins,$3.99 ,$4.29 ,"200 g, $2.00/100g",Baking Essentials,/p/20618041_EA
Apple Pie Filling,$5.99 ,$5.99 ,"540 ml, $1.11/100ml",Baking Essentials,20297753003_EA
Assorted Food Coloring 4 Pack ,$11.49 ,$11.49 ,"1 ea, $11.49/1ea",Baking Essentials,/p/21188972_EA
Edible Glitter Spray,$8.49 ,$8.49 ,"10 g, $84.90/100g",Baking Essentials,/p/21310508_EA
Artificial Vanilla Extract,$2.99 ,$2.99 ,"125 ml, $2.39/100ml",Baking Essentials,/p/20430176_EA
Whole Almonds,$3.29 ,$3.29 ,"100 g, $3.29/100g",Baking Essentials,/p/20315197_EA
Mixed Glace Cherries ,$6.79 ,$6.79 ,"450 g, $1.51/100g",Baking Essentials,20055326002_EA
Unbleached All-Purpose Flour,$6.49 ,$6.49 ,"5 kg, $0.13/100g",Baking Essentials,/p/20221530_EA
Sweetened Shredded Coconut,$3.99 ,$3.99 ,"400 g, $1.00/100g",Baking Essentials,/p/20302875_EA
Monk Fruit Sweetener,$10.49 ,$10.49 ,"235 g, $4.46/100g",Baking Essentials,/p/21362575_EA
Best For Bread Whole Wheat Flour,$12.99 ,$12.99 ,"5 kg, $0.26/100g",Baking Essentials,20104269003_EA
Craisins Sweetened Dried Cranberries ,$2.99 ,$2.99 ,"170 g, $1.76/100g",Baking Essentials,20300784001_EA
No Calorie Single-Serve Sweetener Packets,$10.99 ,$12.99 ,"200 g, $5.50/100g",Baking Essentials,/p/20974847_EA
Blue & White Buttery Cream Flavour Swirled Frosting,$6.99 ,$6.99 ,"160 g, $4.37/100g",Baking Essentials,/p/21440755_EA
Artificial Vanilla Extract,$4.29 ,$4.29 ,"125 ml, $3.43/100ml",Baking Essentials,/p/20010752_EA
Orchard Dried Fruit Blend,$14.99 ,$14.99 ,"700 g, $2.14/100g",Baking Essentials,20347719001_EA
Pitted Dates Club Size,$7.99 ,$7.99 ,"1 kg, $0.80/100g",Baking Essentials,/p/20647409_EA
Calorie-Free Sweetener Packets,$2.99 ,$2.99 ,"200 g, $1.50/100g",Baking Essentials,/p/21397728_EA
Red Decorating Icing,$4.49 ,$4.49 ,"120 g, $3.74/100g",Baking Essentials,/p/21020382_EA
Super Moist Cake Mix Lemon,$2.49 ,$2.49 ,"375 g, $0.66/100g",Baking Essentials,/p/21547841_EA
Plantation Raw Brown Sugar Cubes,$4.29 ,$4.29 ,"500 g, $0.86/100g",Baking Essentials,/p/20795864_EA
"Staybrite Baking Cups, Pink & Blue",$3.49 ,$3.49 ,"36 ea, $0.10/1ea",Baking Essentials,20795479002_EA
Calorie-Free Sweetener from the Stevia Leaf Spoonable Jar,$9.49 ,$9.49 ,"270 g, $3.51/100g",Baking Essentials,/p/20671420_EA
No Calorie Granulated Monk Fruit Sweetener Jar,$10.99 ,$11.99 ,"540 g, $2.04/100g",Baking Essentials,/p/21363623_EA
Farina For Pasta,$4.29 ,$4.29 ,"1 kg, $0.43/100g",Baking Essentials,/p/21040703_EA
No Calorie Single-Serve Sweetener Packets,$20.79 ,$20.79 ,"400 g, $5.20/100g",Baking Essentials,/p/21002162_EA
Canada Corn Starch,$5.79 ,$5.79 ,"1 kg, $0.58/100g",Baking Essentials,/p/20527833_EA
Sliced Blanched Almonds Club Size,$19.49 ,$19.49 ,"1 kg, $1.95/100g",Baking Essentials,/p/20427230_EA
Pure Vanilla Extract,$8.99 ,$8.99 ,"59 ml, $15.24/100ml",Baking Essentials,/p/20921865_EA
Whole Wheat All Purpose Flour,$6.49 ,$6.49 ,"2.5 kg, $0.26/100g",Baking Essentials,20039497003_EA
"Scribblers, Fashion Colours",$5.49 ,$5.49 ,"4x19.0 g, $7.22/100g",Baking Essentials,20047810002_EA
"Pudding Supreme, Chocolate",$1.49 ,$1.49 ,"90 g, $1.66/100g",Baking Essentials,20642408001_EA
Minute Tapioca,$3.49 ,$3.49 ,"227 g, $1.54/100g",Baking Essentials,/p/20106479_EA
Chocolate Pie Crust,$2.49 ,$2.49 ,"170 g, $1.46/100g",Baking Essentials,/p/21214380_EA
Pistachio Instant Pudding Mix,$1.29 ,$1.29 ,"99 g, $1.30/100g",Baking Essentials,20307001006_EA
"Chocolate Mousse, 50 Calories",$1.99 ,$2.39 ,"37.5 g, $5.31/100g",Baking Essentials,/p/20303469_EA
"Dessert Mix, Crème Caramel",$1.99 ,$2.39 ,"105 g, $1.90/100g",Baking Essentials,/p/20317405_EA
"Gelatine, Original",$4.29 ,$4.29 ,"28 g, $15.32/100g",Baking Essentials,/p/20095028_EA
Fat Free Chocolate Instant Pudding Mix,$1.29 ,$1.29 ,"40 g, $3.23/100g",Baking Essentials,20304150001_EA
Honey Graham Crumbs,$3.79 ,$3.79 ,"400 g, $0.95/100g",Baking Essentials,/p/20323233_EA
Whipped Topping Mix,$5.99 ,$5.99 ,"170 g, $3.52/100g",Baking Essentials,/p/20034874_EA
Organic Blond Sugar,$6.99 ,$6.99 ,"1 kg, $0.70/100g",Baking Essentials,/p/20907065_EA
Best for Blending Flour,$6.49 ,$6.49 ,"2.5 kg, $0.26/100g",Baking Essentials,20039497004_EA
Bran Muffin Mix,$5.29 ,$5.29 ,"900 g, $0.59/100g",Baking Essentials,/p/21165861_EA
Gluten Free All Purpose Flour Blend,$7.79 ,$7.79 ,"907 g, $0.86/100g",Baking Essentials,/p/20955536_EA
Creamy Deluxe Chocolate Frosting ,$2.49 ,$2.49 ,"450 g, $0.55/100g",Baking Essentials,20562641002_EA
Candles 10 Birthday Candles Number 0-9,$4.49 ,$4.49 ,"10 ea, $0.45/1ea",Baking Essentials,/p/21030629_EA
Seedless Thompson Dried Raisins ,$10.99 ,$10.99 ,"1.36 kg, $0.81/100g",Baking Essentials,/p/20218584_EA
Whole Earth Stevia Monk Fruit,$4.49 ,$5.29 ,"40 ea, $0.11/1ea",Baking Essentials,/p/21123977_EA
Coarse Durum Semolina,$2.99 ,$2.99 ,"907 g, $0.33/100g",Baking Essentials,/p/20845035_EA
Desi Style Durum Flour,$18.99 ,$18.99 ,"9.07 kg, $0.21/100g",Baking Essentials,/p/20657367_EA
Maple Flavour Marshmallows,$4.29 ,$4.29 ,"400 g, $1.07/100g",Baking Essentials,/p/21008975_EA
The Decadent White Chocolate Chips,$3.99 ,$3.99 ,"226 g, $1.77/100g",Baking Essentials,/p/20303261_EA
Walnut Pieces,$7.99 ,$7.99 ,"400 g, $2.00/100g",Baking Essentials,/p/20426035_EA
Golden Sugar,$3.99 ,$3.99 ,"800 g, $0.50/100g",Baking Essentials,20069256002_EA
Rice Idli,$3.29 ,$3.29 ,"500 g, $0.66/100g",Baking Essentials,/p/20426277_EA
"Large Marshmallows, Club Size",$5.99 ,$5.99 ,"1 kg, $0.60/100g",Baking Essentials,20315322001_EA
Wheat Semolina Sooji,$5.99 ,$5.99 ,"2 kg, $0.30/100g",Baking Essentials,/p/21071270_EA
Vanilla Custard,$2.99 ,$2.99 ,"300 g, $1.00/100g",Baking Essentials,20430289001_EA
"Desi Chickpea Flour, Besan",$18.99 ,$18.99 ,"5 kg, $0.38/100g",Baking Essentials,/p/21071316_EA
Dried Apricots ,$9.99 ,$9.99 ,"500 g, $2.00/100g",Baking Essentials,/p/20647402_EA
Slivered Almonds ,$3.29 ,$3.29 ,"100 g, $3.29/100g",Baking Essentials,20127455002_EA
Tomato Paste,$1.29 ,$1.29 ,"156 ml, $0.83/100ml",Pasta & Pasta Sauce,/p/20118094_EA
Tomato Paste,$1.49 ,$1.49 ,"156 ml, $0.96/100ml",Pasta & Pasta Sauce,/p/20000527_EA
Spaghetti Pasta,$2.29 ,$2.29 ,"900 g, $0.25/100g",Pasta & Pasta Sauce,20315613002_EA
Elbow Macaroni Pasta,$2.29 ,$2.29 ,"900 g, $0.25/100g",Pasta & Pasta Sauce,20315613003_EA
Maple & Brown Sugar Flavour Instant Oatmeal,$3.49 ,$3.97 ,"344 g, $1.01/100g",Pasta & Pasta Sauce,/p/21190254_EA
"Pizza Squeeze, Original",$2.49 ,$2.49 ,"375 ml, $0.66/100ml",Pasta & Pasta Sauce,20097909001_EA
Marinara Pasta Sauce,$3.79 ,$3.79 ,"650 ml, $0.58/100ml",Pasta & Pasta Sauce,20131344005_EA
Spaghettini Pasta,$2.29 ,$2.29 ,"900 g, $0.25/100g",Pasta & Pasta Sauce,20315613001_EA
Penne Rigate Pasta,$2.29 ,$2.29 ,"900 g, $0.25/100g",Pasta & Pasta Sauce,20315613006_EA
Instant Oatmeal 3 Flavour Variety Pack,$3.49 ,$3.97 ,"314 g, $1.11/100g",Pasta & Pasta Sauce,/p/21190260_EA
Rotini Pasta,$2.29 ,$2.29 ,"900 g, $0.25/100g",Pasta & Pasta Sauce,20315613004_EA
Tomato & Basil Spaghetti Pasta Sauce,$3.77 ,$3.77 ,"650 ml, $0.58/100ml",Pasta & Pasta Sauce,20323101001_EA
Sweet Basil Pasta Sauce,$3.79 ,$3.79 ,"650 ml, $0.58/100ml",Pasta & Pasta Sauce,20131344009_EA
"Pizza Sauce, Regular",$1.59 ,$1.59 ,"213 ml, $0.75/100ml",Pasta & Pasta Sauce,20112273001_EA
Apples & Cinnamon Instant Oatmeal,$3.49 ,$3.97 ,"264 g, $1.32/100g",Pasta & Pasta Sauce,/p/21190251_EA
Sweet Basil Marinara Spaghetti Pasta Sauce,$3.77 ,$3.77 ,"650 ml, $0.58/100ml",Pasta & Pasta Sauce,20323101012_EA
Four Cheese Spaghetti Pasta Sauce,$3.77 ,$3.77 ,"650 ml, $0.58/100ml",Pasta & Pasta Sauce,20323101006_EA
Tomato Paste,$1.49 ,$1.49 ,"156 ml, $0.96/100ml",Pasta & Pasta Sauce,20186075001_EA
Basil Pesto,$3.79 ,$3.79 ,"270 ml, $1.40/100ml",Pasta & Pasta Sauce,/p/20629220_EA
Roasted Garlic Pasta Sauce,$3.79 ,$3.79 ,"650 ml, $0.58/100ml",Pasta & Pasta Sauce,20131344006_EA
Pure Tomato Paste,$2.29 ,$2.29 ,"369 ml, $0.62/100ml",Pasta & Pasta Sauce,/p/20056697_EA
Garden Select Tomato & Basil Pasta Sauce,$2.69 ,$2.69 ,"640 ml, $0.42/100ml",Pasta & Pasta Sauce,20095184001_EA
Pasta Spaghetti,$2.49 ,$2.49 ,"410 g, $0.61/100g",Pasta & Pasta Sauce,/p/21404912_EA
Alfredo Spaghetti Pasta Sauce,$3.77 ,$3.77 ,"410 ml, $0.92/100ml",Pasta & Pasta Sauce,20325609003_EA
Fusilli Pasta,$2.29 ,$2.29 ,"900 g, $0.25/100g",Pasta & Pasta Sauce,20315613010_EA
Pizza Sauce,$0.99 ,$0.99 ,"213 ml, $0.46/100ml",Pasta & Pasta Sauce,/p/20018020_EA
Farfalle Pasta,$2.49 ,$2.49 ,"410 g, $0.61/100g",Pasta & Pasta Sauce,/p/21404904_EA
Rotini Pasta,$2.49 ,$2.49 ,"410 g, $0.61/100g",Pasta & Pasta Sauce,/p/21404963_EA
Tomato Sauce    ,$1.99 ,$1.99 ,"680 ml, $0.29/100ml",Pasta & Pasta Sauce,/p/20120683_EA
Roasted Garlic Spaghetti Alfredo Sauce,$3.77 ,$3.77 ,"410 ml, $0.92/100ml",Pasta & Pasta Sauce,20325609001_EA
Alfredo Pasta Sauce,$3.79 ,$3.79 ,"410 ml, $0.92/100ml",Pasta & Pasta Sauce,20320838001_EA
Roasted Garlic Alfredo Pasta Sauce,$3.79 ,$3.79 ,"410 ml, $0.92/100ml",Pasta & Pasta Sauce,20320838002_EA
Garden Select Garlic & Onion Pasta Sauce,$2.69 ,$2.69 ,"640 ml, $0.42/100ml",Pasta & Pasta Sauce,20095184003_EA
Instant Noodles,$1.50 ,$1.50 ,"400 g, $0.38/100g",Pasta & Pasta Sauce,/p/20096297_EA
Cavatappi Pasta,$2.29 ,$2.29 ,"900 g, $0.25/100g",Pasta & Pasta Sauce,20315613009_EA
Garden Select Parmesan & Romano Pasta Sauce,$2.69 ,$2.69 ,"640 ml, $0.42/100ml",Pasta & Pasta Sauce,20095184004_EA
Fire Roasted Tomato & Garlic Spaghetti Pasta Sauce,$3.77 ,$3.77 ,"650 ml, $0.58/100ml",Pasta & Pasta Sauce,20323101003_EA
Italian Sausage,$3.77 ,$3.77 ,"650 ml, $0.58/100ml",Pasta & Pasta Sauce,20323101002_EA
Oven-ready Lasagna Pasta,$2.79 ,$2.79 ,"375 g, $0.74/100g",Pasta & Pasta Sauce,/p/20323261_EA
Tomato Sauce,$2.49 ,$2.49 ,"680 ml, $0.37/100ml",Pasta & Pasta Sauce,/p/20008721_EA
Spaghettini Pasta,$2.49 ,$2.49 ,"410 g, $0.61/100g",Pasta & Pasta Sauce,/p/21405047_EA
Fettuccine Pasta,$2.29 ,$2.29 ,"900 g, $0.25/100g",Pasta & Pasta Sauce,20315613007_EA
Extra Broad Cholesterol-Free Egg White Noodles,$3.29 ,$3.29 ,"340 g, $0.97/100g",Pasta & Pasta Sauce,/p/21439286_EA
Small Shells Pasta,$2.29 ,$2.29 ,"900 g, $0.25/100g",Pasta & Pasta Sauce,20315613005_EA
"Thick & Rich, Original Sauce",$2.49 ,$2.49 ,"680 ml, $0.37/100ml",Pasta & Pasta Sauce,20296852001_EA
Four Cheese Alfredo Spaghetti Pasta Sauce,$3.77 ,$3.77 ,"410 ml, $0.92/100ml",Pasta & Pasta Sauce,20325609004_EA
Pesto di Genova Basil,$3.99 ,$3.99 ,"218 ml, $1.83/100ml",Pasta & Pasta Sauce,20307509001_EA
Udon Noodles,$3.49 ,$3.49 ,"800 g, $0.44/100g",Pasta & Pasta Sauce,/p/20354811_EA
Passata Di Pomodoro Strained Tomatoes,$3.19 ,$3.19 ,"680 ml, $0.47/100ml",Pasta & Pasta Sauce,/p/20016661_EA
"Thick & Rich Pasta Sauce, Four Cheese",$2.49 ,$2.49 ,"680 ml, $0.37/100ml",Pasta & Pasta Sauce,20296852002_EA
Garden Select Country Mushroom Pasta Sauce,$2.69 ,$2.69 ,"640 ml, $0.42/100ml",Pasta & Pasta Sauce,20095184005_EA
Pasta Penne Rigate No. 41,$3.29 ,$3.29 ,"450 g, $0.72/100g",Pasta & Pasta Sauce,/p/21056283_EA
Pesto,$5.49 ,$5.49 ,190 ml,Pasta & Pasta Sauce,/p/20967228_EA
Cheddar Bacon Family Size Skillet Gnocchi,$10.49 ,$10.49 ,"520 g, $2.02/100g",Pasta & Pasta Sauce,/p/21434874_EA
Penne Lisce,$2.99 ,$2.99 ,"900 g, $0.33/100g",Pasta & Pasta Sauce,20311358013_EA
Pizza Sauce,$2.19 ,$2.19 ,"398 ml, $0.55/100ml",Pasta & Pasta Sauce,20125970001_EA
"Pasta Sauce, Creamy Rose‚ ",$8.99 ,$8.99 ,"600 ml, $1.50/100ml",Pasta & Pasta Sauce,/p/20011488_EA
Thick Rice Noodles,$1.29 ,$1.49 ,"250 g, $0.52/100g",Pasta & Pasta Sauce,/p/21347087_EA
"Pasta Sauce, Alfredo Herb ",$8.99 ,$8.99 ,"600 ml, $1.50/100ml",Pasta & Pasta Sauce,/p/20310881_EA
Jinmailang Wide Noodle,$2.79 ,$3.39 ,"1 kg, $0.28/100g",Pasta & Pasta Sauce,/p/21037947_EA
Potato Gnocchi,$3.29 ,$3.29 ,"500 g, $0.66/100g",Pasta & Pasta Sauce,20173173001_EA
Kongmoon Rice Stick Vermicelli,$1.79 ,$1.99 ,"400 g, $0.45/100g",Pasta & Pasta Sauce,/p/20967204_EA
Broad Noodle,$3.29 ,$3.29 ,"340 g, $0.97/100g",Pasta & Pasta Sauce,/p/21439301_EA
"Classic, Fusilli Pasta",$2.79 ,$2.79 ,"500 g, $0.56/100g",Pasta & Pasta Sauce,20315642003_EA
Penne Lisce,$3.19 ,$3.19 ,"900 g, $0.35/100g",Pasta & Pasta Sauce,20081342012_EA
Whole Grain Rotini Pasta,$2.79 ,$2.79 ,"375 g, $0.74/100g",Pasta & Pasta Sauce,20324173001_EA
Traditional Pizza Sauce,$3.77 ,$3.77 ,"410 ml, $0.92/100ml",Pasta & Pasta Sauce,/p/21087050_EA
"Classic, Spaghettini Pasta",$2.79 ,$2.79 ,"500 g, $0.56/100g",Pasta & Pasta Sauce,20009507002_EA
"Smart Veggie, Macaroni Pasta",$3.49 ,$3.49 ,"340 g, $1.03/100g",Pasta & Pasta Sauce,/p/20944913_EA
"SuperGreens, Fusilli Pasta",$3.29 ,$3.29 ,"300 g, $1.10/100g",Pasta & Pasta Sauce,/p/20944943_EA
Elbows,$3.19 ,$3.19 ,"900 g, $0.35/100g",Pasta & Pasta Sauce,20081342007_EA
Fusilli,$3.19 ,$3.19 ,"900 g, $0.35/100g",Pasta & Pasta Sauce,20081342011_EA
Mushroom Pasta Sauce ,$4.29 ,$4.29 ,"700 ml, $0.61/100ml",Pasta & Pasta Sauce,20296296002_EA
Farfalle,$2.99 ,$2.99 ,"700 g, $0.43/100g",Pasta & Pasta Sauce,20308423001_EA
Pizza Sauce,$4.49 ,$4.49 ,"398 ml, $1.13/100ml",Pasta & Pasta Sauce,/p/20934555_EA
Pizza Sauce,$4.29 ,$4.29 ,"350 ml, $1.23/100ml",Pasta & Pasta Sauce,/p/21040482_EA
"Smart, Linguine Pasta",$3.49 ,$3.49 ,"375 g, $0.93/100g",Pasta & Pasta Sauce,/p/20527267_EA
Acini Di Pepe Pasta,$2.29 ,$2.29 ,"900 g, $0.25/100g",Pasta & Pasta Sauce,20315613008_EA
Organic Arrabbiata Sauce,$6.29 ,$6.29 ,"700 ml, $0.90/100ml",Pasta & Pasta Sauce,20318521003_EA
"Express, Lasagne Pasta",$4.29 ,$4.29 ,"375 g, $1.14/100g",Pasta & Pasta Sauce,/p/20632367_EA
"Classic, Macaroni Pasta",$4.99 ,$4.99 ,"900 g, $0.55/100g",Pasta & Pasta Sauce,20322570001_EA
"Classic, Penne Rigate Pasta",$2.79 ,$2.79 ,"500 g, $0.56/100g",Pasta & Pasta Sauce,20315642002_EA
Conchiglie N°393 Pasta ,$2.49 ,$2.49 ,"410 g, $0.61/100g",Pasta & Pasta Sauce,/p/21404961_EA
Roasted Garlic Pasta Sauce,$8.49 ,$8.49 ,"680 ml, $1.25/100ml",Pasta & Pasta Sauce,/p/21306298_EA
Tomato Basil Sauce,$11.99 ,$11.99 ,"685 ml, $1.75/100ml",Pasta & Pasta Sauce,/p/20982990_EA
Linguine Pasta,$2.49 ,$2.49 ,"410 g, $0.61/100g",Pasta & Pasta Sauce,/p/21405030_EA
Macaroni Pasta,$2.49 ,$2.49 ,"454 g, $0.55/100g",Pasta & Pasta Sauce,/p/21001585_EA
Cut Macoroni Pasta,$2.49 ,$2.49 ,"410 g, $0.61/100g",Pasta & Pasta Sauce,/p/21515800_EA
Stix Skillet Gnocchi,$5.69 ,$5.69 ,"280 g, $2.03/100g",Pasta & Pasta Sauce,/p/21548439_EA
"Whole Grains, Spaghettini Pasta",$3.49 ,$3.49 ,"375 g, $0.93/100g",Pasta & Pasta Sauce,20312623004_EA
"Classic, Macaroni Pasta",$2.79 ,$2.79 ,"500 g, $0.56/100g",Pasta & Pasta Sauce,/p/20320036_EA
Medium Shells Pasta,$1.49 ,$1.49 ,"500 g, $0.30/100g",Pasta & Pasta Sauce,20321193003_EA
"Classic, Spaghetti Pasta",$4.99 ,$4.99 ,"900 g, $0.55/100g",Pasta & Pasta Sauce,20308402001_EA
Penne Rigate Pasta,$2.49 ,$2.49 ,"410 g, $0.61/100g",Pasta & Pasta Sauce,/p/21550231_EA
Splendido Four Cheese Rainbow Tortellini,$8.99 ,$8.99 ,"700 g, $1.28/100g",Pasta & Pasta Sauce,/p/21479748_EA
Potato Gnocchi Club Size,$6.99 ,$6.99 ,"700 g, $1.00/100g",Pasta & Pasta Sauce,/p/21470680_EA
Artisian Butternut Squash and Creamy Mascarpone ,$5.99 ,$5.99 ,"250 g, $2.40/100g",Pasta & Pasta Sauce,/p/20990085_EA
Stir Fry Instant Noodles,$1.49 ,$1.49 ,"400 g, $0.37/100g",Pasta & Pasta Sauce,/p/20342275_EA
Buckwheat Soba Noodles ,$1.79 ,$1.99 ,"363 g, $0.49/100g",Pasta & Pasta Sauce,/p/20692707_EA
Pizza Kit,$8.49 ,$8.49 ,"850 g, $1.00/100g",Pasta & Pasta Sauce,20013009001_EA
Penne Ziti Rigate,$3.29 ,$3.29 ,"450 g, $0.73/100g",Pasta & Pasta Sauce,20303498008_EA
Roasted Portobello Mushroom Pasta Sauce,$3.79 ,$3.79 ,"650 ml, $0.58/100ml",Pasta & Pasta Sauce,20131344003_EA
"Pasta Sauce, Thick & Zesty Hot & Spicy",$2.49 ,$2.49 ,"680 ml, $0.37/100ml",Pasta & Pasta Sauce,20731317001_EA
"Thick & Rich Pasta Sauce, Spicy Red Pepper & Chilies",$2.49 ,$2.49 ,"680 ml, $0.37/100ml",Pasta & Pasta Sauce,20296852003_EA
Splendido Rainbow Fettuccine,$5.49 ,$5.49 ,"700 g, $0.78/100g",Pasta & Pasta Sauce,/p/21479599_EA
Medium Dry Noodles,$6.29 ,$6.99 ,"1.81 kg, $0.35/100g",Pasta & Pasta Sauce,20692708002_EA
"Egg Noodles, Shrimp",$8.99 ,$8.99 ,"880 g, $1.02/100g",Pasta & Pasta Sauce,20689997002_EA
"Whole Grains, Lasagne Pasta",$4.29 ,$4.29 ,"375 g, $1.14/100g",Pasta & Pasta Sauce,/p/20632576_EA
Thick  Shrimp Egg Noodles,$1.99 ,$2.29 ,"454 g, $0.44/100g",Pasta & Pasta Sauce,/p/21347127_EA
"Tortellini, Beef ",$6.99 ,$8.00 ,"1 kg, $0.70/100g",Pasta & Pasta Sauce,/p/20298385_EA
Instant Japanese Udon Noodles,$3.49 ,$3.49 ,"800 g, $0.44/100g",Pasta & Pasta Sauce,/p/20081709_EA
Spaghetti,$3.19 ,$3.19 ,"900 g, $0.35/100g",Pasta & Pasta Sauce,20081342001_EA
Linguine Pasta,$1.49 ,$1.49 ,"500 g, $0.30/100g",Pasta & Pasta Sauce,20309859001_EA
Fusilli Pasta,$2.49 ,$2.49 ,"454 g, $0.55/100g",Pasta & Pasta Sauce,/p/21001581_EA
"Organic Pasta Sauce, Primavera",$6.29 ,$6.29 ,"700 ml, $0.90/100ml",Pasta & Pasta Sauce,20085773002_EA
Fusilli,$2.99 ,$2.99 ,"900 g, $0.33/100g",Pasta & Pasta Sauce,20311358014_EA
Cheese & Bacon Tortellini Fresh Pasta,$4.29 ,$4.29 ,"350 g, $1.23/100g",Pasta & Pasta Sauce,/p/21306210_EA
Pasta Spaghettini Nests 450 g,$5.29 ,$5.29 ,"450 g, $1.18/100g",Pasta & Pasta Sauce,/p/21393779_EA
Macaroni Products Spaghettini,$2.19 ,$2.19 ,"450 g, $0.49/100g",Pasta & Pasta Sauce,/p/21555695_EA
"Thick Noodles, Scallop",$8.99 ,$8.99 ,"880 g, $1.02/100g",Pasta & Pasta Sauce,20689997001_EA
Alfredo Sauce,$7.49 ,$7.49 ,"580 ml, $1.29/100ml",Pasta & Pasta Sauce,/p/20967203_EA
Signature Formaggi with Aged Parmesan Reggiano 600g ,$10.49 ,$10.49 ,"600 g, $1.75/100g",Pasta & Pasta Sauce,/p/20921828_EA
Linguine,$2.99 ,$2.99 ,"900 g, $0.33/100g",Pasta & Pasta Sauce,20311358008_EA
Rosée Pasta Sauce,$7.49 ,$7.49 ,"580 ml, $1.29/100ml",Pasta & Pasta Sauce,/p/20967223_EA
Rigatoni Pasta,$2.49 ,$2.49 ,"410 g, $0.61/100g",Pasta & Pasta Sauce,/p/21404923_EA
"Girasoli, Spinach & Cashew",$4.99 ,$4.99 ,"300 g, $1.66/100g",Pasta & Pasta Sauce,/p/21477228_EA
Pennine Rigate Macaroni Products,$3.19 ,$3.19 ,"900 g, $0.35/100g",Pasta & Pasta Sauce,20081342026_EA
Capellini Pasta,$2.49 ,$2.49 ,"410 g, $0.61/100g",Pasta & Pasta Sauce,/p/21405017_EA
Thai Rice Stick Noodles,$2.39 ,$2.39 ,"454 g, $0.53/100g",Pasta & Pasta Sauce,/p/20804874_EA
Tomato Paste,$2.29 ,$2.29 ,"369 ml, $0.62/100ml",Pasta & Pasta Sauce,/p/20152568_EA
Penne Rigate,$2.19 ,$2.19 ,"450 g, $0.49/100g",Pasta & Pasta Sauce,/p/20884606_EA
"Organic Dry Noodle, Thin",$9.99 ,$9.99 ,"1588 g, $0.63/100g",Pasta & Pasta Sauce,/p/20733409_EA
Pasta Tagliatelle Nests 450 g,$5.29 ,$5.29 ,"450 g, $1.18/100g",Pasta & Pasta Sauce,/p/21393773_EA
White Rotini Pasta With Fibre ,$2.79 ,$2.79 ,"375 g, $0.74/100g",Pasta & Pasta Sauce,/p/20739950_EA
Sweet Thai Chilli Sauce,$3.49 ,$3.89 ,"830 g, $0.42/100g",Pasta & Pasta Sauce,/p/21446287_EA
"Pasta, Elbows    ",$2.99 ,$2.99 ,"900 g, $0.33/100g",Pasta & Pasta Sauce,20311358003_EA
Chicken Sacchettini ,$10.49 ,$10.49 ,"600 g, $1.75/100g",Pasta & Pasta Sauce,/p/20003058_EA
"Shells, Large",$3.19 ,$3.19 ,"900 g, $0.35/100g",Pasta & Pasta Sauce,20081342024_EA
"Pasta Sauce, Creamy Rosé ",$5.99 ,$5.99 ,"300 ml, $2.00/100ml",Pasta & Pasta Sauce,/p/20114410_EA
100% Whole Grain Whole Wheat Penne Rigate,$2.79 ,$2.79 ,"375 g, $0.74/100g",Pasta & Pasta Sauce,20324173003_EA
Penne Rigate Pasta,$1.49 ,$1.49 ,"500 g, $0.30/100g",Pasta & Pasta Sauce,20321193004_EA
Whole Grain Spaghetti Pasta,$2.79 ,$2.79 ,"375 g, $0.74/100g",Pasta & Pasta Sauce,20252144001_EA
Spaghettini,$4.49 ,$4.49 ,"2 kg, $0.22/100g",Pasta & Pasta Sauce,20306358002_EA
Ravioli Mushroom Lovers,$10.49 ,$10.49 ,"500 g, $2.10/100g",Pasta & Pasta Sauce,/p/21183299_EA
Roasted Portobello Mushrooms Spaghetti Pasta Sauce,$3.77 ,$3.77 ,"650 ml, $0.58/100ml",Pasta & Pasta Sauce,20323101004_EA
Spaghettini,$3.19 ,$3.19 ,"900 g, $0.35/100g",Pasta & Pasta Sauce,20081342003_EA
"Classic, Medium Bows Pasta",$2.79 ,$2.79 ,"375 g, $0.74/100g",Pasta & Pasta Sauce,20315642001_EA
"Rainbow Tortellini, Cheese, Twin Pack ",$7.99 ,$7.99 ,"500 g, $1.60/100g",Pasta & Pasta Sauce,/p/20321512_EA
Ravioli Grandi Butternut Squash & Brown Butter,$6.49 ,$6.49 ,"250 g, $2.60/100g",Pasta & Pasta Sauce,/p/21398593_EA
"Pasta, Fettuccini",$2.99 ,$2.99 ,"900 g, $0.33/100g",Pasta & Pasta Sauce,20311358009_EA
Rosée Pasta Sauce,$7.49 ,$7.49 ,"580 ml, $1.29/100ml",Pasta & Pasta Sauce,/p/20967223_EA
"Pasta, Elbows    ",$2.99 ,$2.99 ,"900 g, $0.33/100g",Pasta & Pasta Sauce,20311358003_EA
Penne Rigate,$2.19 ,$2.19 ,"450 g, $0.49/100g",Pasta & Pasta Sauce,/p/20884606_EA
"Organic Dry Noodle, Thin",$9.99 ,$9.99 ,"1588 g, $0.63/100g",Pasta & Pasta Sauce,/p/20733409_EA
Pasta Tagliatelle Nests 450 g,$5.29 ,$5.29 ,"450 g, $1.18/100g",Pasta & Pasta Sauce,/p/21393773_EA
White Rotini Pasta With Fibre ,$2.79 ,$2.79 ,"375 g, $0.74/100g",Pasta & Pasta Sauce,/p/20739950_EA
Macaroni Products Spaghettini,$2.19 ,$2.19 ,"450 g, $0.49/100g",Pasta & Pasta Sauce,/p/21555695_EA
"Thick Noodles, Scallop",$8.99 ,$8.99 ,"880 g, $1.02/100g",Pasta & Pasta Sauce,20689997001_EA
Sweet Thai Chilli Sauce,$3.49 ,$3.89 ,"830 g, $0.42/100g",Pasta & Pasta Sauce,/p/21446287_EA
Pasta Spaghettini Nests 450 g,$5.29 ,$5.29 ,"450 g, $1.18/100g",Pasta & Pasta Sauce,/p/21393779_EA
Thai Rice Stick Noodles,$2.39 ,$2.39 ,"454 g, $0.53/100g",Pasta & Pasta Sauce,/p/20804874_EA
Alfredo Sauce,$7.49 ,$7.49 ,"580 ml, $1.29/100ml",Pasta & Pasta Sauce,/p/20967203_EA
Capellini Pasta,$2.49 ,$2.49 ,"410 g, $0.61/100g",Pasta & Pasta Sauce,/p/21405017_EA
Tomato Paste,$2.29 ,$2.29 ,"369 ml, $0.62/100ml",Pasta & Pasta Sauce,/p/20152568_EA
Linguine,$2.99 ,$2.99 ,"900 g, $0.33/100g",Pasta & Pasta Sauce,20311358008_EA
Chicken Sacchettini ,$10.49 ,$10.49 ,"600 g, $1.75/100g",Pasta & Pasta Sauce,/p/20003058_EA
"Shells, Large",$3.19 ,$3.19 ,"900 g, $0.35/100g",Pasta & Pasta Sauce,20081342024_EA
Spaghettini,$3.19 ,$3.19 ,"900 g, $0.35/100g",Pasta & Pasta Sauce,20081342003_EA
Tomato Basil Pasta Sauce,$5.49 ,$5.49 ,"650 ml, $0.84/100ml",Pasta & Pasta Sauce,20414980003_EA
Original Pasta Sauce,$7.99 ,$7.99 ,"1.8 l, $0.44/100ml",Pasta & Pasta Sauce,20321332001_EA
Spaghetti,$3.99 ,$3.99 ,"500 g, $0.80/100g",Pasta & Pasta Sauce,20419290006_EA
Roasted Portobello Mushrooms Spaghetti Pasta Sauce,$3.77 ,$3.77 ,"650 ml, $0.58/100ml",Pasta & Pasta Sauce,20323101004_EA
"Pasta Sauce, Creamy Rosé ",$5.99 ,$5.99 ,"300 ml, $2.00/100ml",Pasta & Pasta Sauce,/p/20114410_EA
100% Whole Grain Whole Wheat Penne Rigate,$2.79 ,$2.79 ,"375 g, $0.74/100g",Pasta & Pasta Sauce,20324173003_EA
Penne Rigate Pasta,$1.49 ,$1.49 ,"500 g, $0.30/100g",Pasta & Pasta Sauce,20321193004_EA
Whole Grain Spaghetti Pasta,$2.79 ,$2.79 ,"375 g, $0.74/100g",Pasta & Pasta Sauce,20252144001_EA
Ravioli Mushroom Lovers,$10.49 ,$10.49 ,"500 g, $2.10/100g",Pasta & Pasta Sauce,/p/21183299_EA
Basil & Cheese Pesto ,$6.49 ,$6.49 ,"160 g, $4.06/100g",Pasta & Pasta Sauce,/p/20132121_EA
Shrimp & Lobster Ravioli Grandi ,$6.49 ,$6.49 ,"250 g, $2.60/100g",Pasta & Pasta Sauce,/p/21310253_EA
"Classic, Spaghetti Pasta",$2.79 ,$2.79 ,"500 g, $0.56/100g",Pasta & Pasta Sauce,20009507001_EA
Vermicelli,$1.49 ,$1.49 ,"500 g, $0.30/100g",Pasta & Pasta Sauce,20307386001_EA
"Gluten Free, Fusilli Pasta",$3.29 ,$3.29 ,"340 g, $0.97/100g",Pasta & Pasta Sauce,/p/20704235_EA
"Ravioli, Cheese & Spinach ",$4.29 ,$4.29 ,"350 g, $1.23/100g",Pasta & Pasta Sauce,/p/20320712_EA
Linguine ,$6.99 ,$8.00 ,"1 kg, $0.70/100g",Pasta & Pasta Sauce,/p/20097415_EA
Marinara Pasta Sauce,$4.79 ,$4.79 ,"300 ml, $1.60/100ml",Pasta & Pasta Sauce,/p/20967201_EA
"Rainbow Cheese Tortellini, Small",$4.29 ,$4.29 ,"350 g, $1.23/100g",Pasta & Pasta Sauce,/p/21302270_EA
"Shrimp Egg Noodles, Thin ",$3.49 ,$3.49 ,"454 g, $0.77/100g",Pasta & Pasta Sauce,/p/20689996_EA
Sweet Potato Vermicelli,$1.79 ,$1.79 ,"400 g, $0.45/100g",Pasta & Pasta Sauce,/p/21447369_EA
Oven Ready Lasagne,$3.29 ,$3.29 ,"375 g, $0.88/100g",Pasta & Pasta Sauce,20321035001_EA
Fire Roasted Pizza Sauce,$3.77 ,$3.77 ,"410 ml, $0.92/100ml",Pasta & Pasta Sauce,/p/21087053_EA
Di Firenze Florentine Spinach & Cheese Pasta Sauce,$3.77 ,$3.77 ,"650 ml, $0.58/100ml",Pasta & Pasta Sauce,20323101010_EA
Sweet Potato Vermicelli,$2.99 ,$3.99 ,"400 g, $0.75/100g",Pasta & Pasta Sauce,/p/21440072_EA
Fusilli,$2.19 ,$2.19 ,"450 g, $0.49/100g",Pasta & Pasta Sauce,/p/20884596_EA
Thin Rice Noodles,$1.29 ,$1.49 ,"250 g, $0.52/100g",Pasta & Pasta Sauce,/p/21347079_EA
Splendido Roasted Vegetable Tortelloni,$8.99 ,$8.99 ,"600 g, $1.50/100g",Pasta & Pasta Sauce,/p/21165551_EA
Splendido Italian Sausage Cappelletti,$8.99 ,$8.99 ,"600 g, $1.50/100g",Pasta & Pasta Sauce,/p/21165484_EA
Pasta Farfalle No. 93,$3.29 ,$3.29 ,"450 g, $0.72/100g",Pasta & Pasta Sauce,/p/21056282_EA
Orzo,$2.99 ,$2.99 ,"900 g, $0.33/100g",Pasta & Pasta Sauce,20311358004_EA
Fine Dry Noodles,$6.29 ,$6.99 ,"1.81 kg, $0.35/100g",Pasta & Pasta Sauce,20692708001_EA
"Pasta, Penne Rigate",$2.99 ,$2.99 ,"900 g, $0.33/100g",Pasta & Pasta Sauce,20311358002_EA
Mac & Cheese Sauce,$7.49 ,$7.49 ,"580 ml, $1.29/100ml",Pasta & Pasta Sauce,/p/21125083_EA
Pizzaiolo Kits,$5.49 ,$5.49 ,"700 g, $0.78/100g",Pasta & Pasta Sauce,/p/21302902_EA
Fiorelli,$3.99 ,$3.99 ,"500 g, $0.80/100g",Pasta & Pasta Sauce,20419290002_EA
Linguine,$3.99 ,$3.99 ,"500 g, $0.80/100g",Pasta & Pasta Sauce,20419873002_EA
Rotini,$3.19 ,$3.19 ,"900 g, $0.35/100g",Pasta & Pasta Sauce,20081342010_EA
Mushroom Alfredo Spaghetti Pasta Sauce,$3.77 ,$3.77 ,"410 ml, $0.92/100ml",Pasta & Pasta Sauce,20325609005_EA
Linguine,$3.19 ,$3.19 ,"900 g, $0.35/100g",Pasta & Pasta Sauce,20081342004_EA
Di Lombardia Rosée Pasta Sauce,$3.77 ,$3.77 ,"410 ml, $0.92/100ml",Pasta & Pasta Sauce,/p/20707974_EA
Gluten Free Penne Pasta,$3.79 ,$3.79 ,"340 g, $1.11/100g",Pasta & Pasta Sauce,/p/20963722_EA
"Smart Veggie, Spaghettini Pasta",$3.49 ,$3.49 ,"340 g, $1.03/100g",Pasta & Pasta Sauce,/p/20944947_EA
Tomato Sauce,$1.99 ,$1.99 ,"398 ml, $0.50/100ml",Pasta & Pasta Sauce,/p/20035322_EA
Gluten Free Spaghetti Pasta,$3.79 ,$3.79 ,"340 g, $1.11/100g",Pasta & Pasta Sauce,/p/20721060_EA
"Smart, Fettuccine Pasta",$3.49 ,$3.49 ,"375 g, $0.93/100g",Pasta & Pasta Sauce,/p/20527269_EA
"Rice Stick, Small",$2.49 ,$2.49 ,"454 g, $0.55/100g",Pasta & Pasta Sauce,20343466002_EA
"Pasta Sauce, Garlic",$2.49 ,$2.49 ,"680 ml, $0.37/100ml",Pasta & Pasta Sauce,20326537003_EA
"Oriental Style Noodles, Thick",$4.49 ,$4.49 ,"500 g, $0.90/100g",Pasta & Pasta Sauce,/p/20733419_EA
Fettuccine ,$4.49 ,$4.49 ,"350 g, $1.28/100g",Pasta & Pasta Sauce,/p/20306028_EA
World Cuisine Puttanesca Sauce,$3.97 ,$4.49 ,"530 ml, $0.75/100ml",Pasta & Pasta Sauce,/p/20976126_EA
"Pasta Sauce, Thick & Zesty Original",$2.49 ,$2.49 ,"680 ml, $0.37/100ml",Pasta & Pasta Sauce,/p/20165260_EA
Rice Vermicelli Noodles,$1.99 ,$2.59 ,"225 g, $0.88/100g",Pasta & Pasta Sauce,/p/20659463_EA
"Pasta Sauce, Thick & Zesty Tomato Basil",$2.49 ,$2.49 ,"680 ml, $0.37/100ml",Pasta & Pasta Sauce,20731317004_EA
Ditali Pasta,$2.49 ,$2.49 ,"410 g, $0.61/100g",Pasta & Pasta Sauce,/p/21404970_EA
"Artisan Pasta, Spaghetti",$2.49 ,$2.49 ,"450 g, $0.55/100g",Pasta & Pasta Sauce,/p/21220484_EA
Linguine Pasta,$2.49 ,$2.49 ,"454 g, $0.55/100g",Pasta & Pasta Sauce,/p/21001587_EA
Vodka Sauce Spaghetti Pasta Sauce,$3.77 ,$3.77 ,"650 ml, $0.58/100ml",Pasta & Pasta Sauce,20323101013_EA
Penne Rigate Pasta,$2.49 ,$2.49 ,"454 g, $0.55/100g",Pasta & Pasta Sauce,/p/21001578_EA
Datterini Tomatoes Pasta Sauce,$6.29 ,$6.29 ,"398 ml, $1.58/100ml",Pasta & Pasta Sauce,/p/21163591_EA
Tomatoes First Tomato Sauce With Basil,$2.00 ,$2.00 ,"680 ml, $0.29/100ml",Pasta & Pasta Sauce,20599748001_EA
Farfalle Pasta,$2.49 ,$2.49 ,"454 g, $0.55/100g",Pasta & Pasta Sauce,/p/21001582_EA
Penne Lisce Pasta,$2.49 ,$2.49 ,"410 g, $0.61/100g",Pasta & Pasta Sauce,/p/21404910_EA
Rotini,$2.99 ,$2.99 ,"900 g, $0.33/100g",Pasta & Pasta Sauce,20311358005_EA
Capellini,$3.29 ,$3.29 ,"450 g, $0.73/100g",Pasta & Pasta Sauce,20316451004_EA
Artichoke and Asiago PDO Cheese Tortellone,$6.99 ,$6.99 ,"600 g, $1.17/100g",Pasta & Pasta Sauce,/p/21479597_EA
Roasted Red Pepper Pasta Sauce,$3.79 ,$3.79 ,"650 ml, $0.58/100ml",Pasta & Pasta Sauce,20131344002_EA
"Gluten Free, Penne Rigate Pasta",$3.29 ,$3.29 ,"340 g, $0.97/100g",Pasta & Pasta Sauce,/p/20704241_EA
"Gluten Free, Macaroni Pasta",$3.29 ,$3.29 ,"340 g, $0.97/100g",Pasta & Pasta Sauce,/p/20765907_EA
"Tricolour, Fusilli Pasta",$3.49 ,$3.49 ,"375 g, $0.93/100g",Pasta & Pasta Sauce,20299819007_EA
Skillet Gnocchi ,$5.99 ,$5.99 ,"300 g, $2.00/100g",Pasta & Pasta Sauce,/p/21021520_EA
Broad Egg Noodles,$2.99 ,$2.99 ,"340 g, $0.88/100g",Pasta & Pasta Sauce,20313361001_EA
Tricolour Rotini Pasta,$4.49 ,$4.49 ,"1.81 kg, $0.25/100g",Pasta & Pasta Sauce,/p/20046195_EA
"Smart, Rotini Pasta",$3.49 ,$3.49 ,"375 g, $0.93/100g",Pasta & Pasta Sauce,/p/20527265_EA
Tricolour Rotini Pasta,$2.49 ,$2.49 ,"454 g, $0.55/100g",Pasta & Pasta Sauce,/p/21001575_EA
Lasagna Pasta,$2.79 ,$2.79 ,"500 g, $0.56/100g",Pasta & Pasta Sauce,/p/20093190_EA
Broad Egg Noodles,$2.99 ,$2.99 ,"340 g, $0.88/100g",Pasta & Pasta Sauce,20313361001_EA
Tricolour Rotini Pasta,$4.49 ,$4.49 ,"1.81 kg, $0.25/100g",Pasta & Pasta Sauce,/p/20046195_EA
"Smart, Rotini Pasta",$3.49 ,$3.49 ,"375 g, $0.93/100g",Pasta & Pasta Sauce,/p/20527265_EA
Tricolour Rotini Pasta,$2.49 ,$2.49 ,"454 g, $0.55/100g",Pasta & Pasta Sauce,/p/21001575_EA
Lasagna Pasta,$2.79 ,$2.79 ,"500 g, $0.56/100g",Pasta & Pasta Sauce,/p/20093190_EA
Pesto Mozzarella Skillet Gnocchi,$6.49 ,$6.49 ,"280 g, $2.32/100g",Pasta & Pasta Sauce,/p/21434590_EA
"Smart, Bows Pasta",$3.49 ,$3.49 ,"340 g, $1.03/100g",Pasta & Pasta Sauce,/p/20599224_EA
Four Cheese Manicotti ,$10.49 ,$10.49 ,"540 g, $1.94/100g",Pasta & Pasta Sauce,/p/20655655_EA
Mushroom Pasta Sauce,$7.89 ,$7.89 ,"1.8 l, $0.44/100ml",Pasta & Pasta Sauce,20326037001_EA
Oven Ready Cannelloni,$3.49 ,$3.49 ,"250 g, $1.40/100g",Pasta & Pasta Sauce,20303112003_EA
Fettuccine Pasta,$2.49 ,$2.49 ,"410 g, $0.61/100g",Pasta & Pasta Sauce,/p/21404975_EA
Tomato Sauce,$2.49 ,$2.49 ,"680 ml, $0.37/100ml",Pasta & Pasta Sauce,/p/20730715_EA
Mushroom & Garlic Pasta Sauce,$4.29 ,$4.29 ,"700 ml, $0.61/100ml",Pasta & Pasta Sauce,20123254002_EA
Fusilli,$3.29 ,$3.29 ,"450 g, $0.73/100g",Pasta & Pasta Sauce,20303498012_EA
Tomato Pesto,$3.79 ,$3.79 ,"270 ml, $1.40/100ml",Pasta & Pasta Sauce,20323424003_EA
Tomato Sauce,$1.99 ,$1.99 ,"398 ml, $0.50/100ml",Pasta & Pasta Sauce,20063296001_EA
"SuperGreens, Spaghetti Pasta",$3.29 ,$3.29 ,"300 g, $1.10/100g",Pasta & Pasta Sauce,/p/20945024_EA
"Smart, Macaroni Pasta",$3.49 ,$3.49 ,"375 g, $0.93/100g",Pasta & Pasta Sauce,/p/20527266_EA
"Pasta Sauce, Thick & Zesty Romano Cheese & Basil",$2.49 ,$2.49 ,"680 ml, $0.37/100ml",Pasta & Pasta Sauce,20731317002_EA
Jinmailang Long Xu Noodle,$2.79 ,$3.39 ,"1 kg, $0.28/100g",Pasta & Pasta Sauce,/p/21037951_EA
LoMein Noodles ,$1.79 ,$1.99 ,"363 g, $0.49/100g",Pasta & Pasta Sauce,20692709001_EA
Rice Paper,$2.49 ,$2.69 ,"400 g, $0.62/100g",Pasta & Pasta Sauce,/p/20435687_EA
3-Minute Wide Ramen Noodles,$4.29 ,$4.29 ,"504 g, $0.85/100g",Pasta & Pasta Sauce,/p/21447366_EA
Di Roma Light Alfredo Pasta Sauce,$3.77 ,$3.77 ,"410 ml, $0.92/100ml",Pasta & Pasta Sauce,20325609007_EA
Small Shells,$3.19 ,$3.19 ,"900 g, $0.35/100g",Pasta & Pasta Sauce,20081342019_EA
Pennine Rigate Pasta,$2.99 ,$2.99 ,"900 g, $0.33/100g",Pasta & Pasta Sauce,/p/20757520_EA
Spaghettoni Pasta,$2.49 ,$2.49 ,"410 g, $0.61/100g",Pasta & Pasta Sauce,/p/21404901_EA
Rice,$2.39 ,$2.39 ,"454 g, $0.53/100g",Pasta & Pasta Sauce,/p/20804829_EA
"Beef Tortellini, Twin Pack ",$7.99 ,$7.99 ,"500 g, $1.60/100g",Pasta & Pasta Sauce,/p/20570436_EA
"Egg Noodles, Thin",$2.99 ,$3.49 ,"454 g, $0.66/100g",Pasta & Pasta Sauce,/p/20689999_EA
Macaroni Products Scoobi Do,$3.19 ,$3.19 ,"900 g, $0.35/100g",Pasta & Pasta Sauce,20081342027_EA
"Classic, Medium Bows Pasta",$4.99 ,$4.99 ,"700 g, $0.71/100g",Pasta & Pasta Sauce,/p/20169224_EA
"Classic, Fettuccine Pasta",$4.99 ,$4.99 ,"900 g, $0.55/100g",Pasta & Pasta Sauce,20322570003_EA
Cauliflower Emmental Skillet Gnocchi,$6.49 ,$6.49 ,"280 g, $2.32/100g",Pasta & Pasta Sauce,/p/21434873_EA
"Tortelloni, Italian Sausage ",$10.49 ,$10.49 ,"600 g, $1.75/100g",Pasta & Pasta Sauce,/p/20915839_EA
Mozzarella and Sun Dried Tomato Girasole,$8.99 ,$8.99 ,"600 g, $1.50/100g",Pasta & Pasta Sauce,/p/21165476_EA
"Ravioli, Cheese & Spinach ",$6.99 ,$8.00 ,"1 kg, $0.70/100g",Pasta & Pasta Sauce,/p/20025156_EA
"Tortellini, Beef ",$4.29 ,$4.29 ,"350 g, $1.23/100g",Pasta & Pasta Sauce,/p/20058077_EA
Rice Stick Size L,$2.99 ,$2.99 ,"454 g, $0.66/100g",Pasta & Pasta Sauce,/p/21448778_EA
Vermicelli 3 Mm,$1.49 ,$1.79 ,"400 g, $0.37/100g",Pasta & Pasta Sauce,/p/21446289_EA
Elbow Pasta,$7.99 ,$7.99 ,"2.27 kg, $0.35/100g",Pasta & Pasta Sauce,20182410001_EA
Original Pasta Sauce,$7.89 ,$7.89 ,"1.8 l, $0.44/100ml",Pasta & Pasta Sauce,20326037002_EA
"Pasta, Lasagna Sheets ",$5.99 ,$5.99 ,"360 g, $1.66/100g",Pasta & Pasta Sauce,/p/20126372_EA
Thick Egg Noodles,$2.99 ,$3.49 ,"454 g, $0.66/100g",Pasta & Pasta Sauce,/p/21347094_EA
Pasta Lasagne No. 1,$3.79 ,$3.79 ,"454 g, $0.83/100g",Pasta & Pasta Sauce,/p/21085900_EA
3-Minute Ramen Noodles,$4.29 ,$4.29 ,"504 g, $0.85/100g",Pasta & Pasta Sauce,/p/21447367_EA
Vermicelli 1 Mm,$1.49 ,$1.79 ,"400 g, $0.37/100g",Pasta & Pasta Sauce,/p/21446288_EA
Spinach & Cheese Pasta Sauce,$3.79 ,$3.79 ,"650 ml, $0.58/100ml",Pasta & Pasta Sauce,20131344004_EA
"Beef Tortellini, Twin Pack ",$7.99 ,$7.99 ,"500 g, $1.60/100g",Pasta & Pasta Sauce,/p/20570436_EA
"Egg Noodles, Thin",$2.99 ,$3.49 ,"454 g, $0.66/100g",Pasta & Pasta Sauce,/p/20689999_EA
Rice,$2.39 ,$2.39 ,"454 g, $0.53/100g",Pasta & Pasta Sauce,/p/20804829_EA
Small Shells,$3.19 ,$3.19 ,"900 g, $0.35/100g",Pasta & Pasta Sauce,20081342019_EA
"Classic, Medium Bows Pasta",$4.99 ,$4.99 ,"700 g, $0.71/100g",Pasta & Pasta Sauce,/p/20169224_EA
"Classic, Fettuccine Pasta",$4.99 ,$4.99 ,"900 g, $0.55/100g",Pasta & Pasta Sauce,20322570003_EA
Extra Broad Egg Noodles,$2.99 ,$2.99 ,"340 g, $0.88/100g",Pasta & Pasta Sauce,/p/20322635_EA
Chinese Style Chow Mein Noodles,$2.99 ,$2.99 ,"397 g, $0.75/100g",Pasta & Pasta Sauce,/p/21418492_EA
Spaghetti Pasta,$4.49 ,$4.49 ,"2 kg, $0.22/100g",Pasta & Pasta Sauce,20306358001_EA
"Smart, Spaghettini Pasta",$3.49 ,$3.49 ,"375 g, $0.93/100g",Pasta & Pasta Sauce,/p/20527268_EA
"Classic, Lasagne Pasta",$4.29 ,$4.29 ,"500 g, $0.86/100g",Pasta & Pasta Sauce,/p/20632574_EA
Thin Egg Noodles,$2.99 ,$3.49 ,"454 g, $0.66/100g",Pasta & Pasta Sauce,/p/21347114_EA
Organic Tomato & Basil Pasta Sauce,$6.29 ,$6.29 ,"700 ml, $0.90/100ml",Pasta & Pasta Sauce,20085773001_EA
"Rice Stick, Medium",$2.49 ,$2.49 ,"454 g, $0.55/100g",Pasta & Pasta Sauce,20343466001_EA
Ginger Paste Ground Ginger,$4.49 ,$4.49 ,"310 g, $1.45/100g",Pasta & Pasta Sauce,/p/21447371_EA
Spaghetti Pasta,$2.49 ,$2.49 ,"454 g, $0.55/100g",Pasta & Pasta Sauce,/p/21001944_EA
Schezwan Chutney,$2.69 ,$2.69 ,"250 g, $1.08/100g",Pasta & Pasta Sauce,/p/21416871_EA
"Smart, Spaghetti Pasta",$3.49 ,$3.49 ,"375 g, $0.93/100g",Pasta & Pasta Sauce,/p/20527060_EA
"Ravioli, Fresh Ricotta & Spinach ",$10.49 ,$10.49 ,"600 g, $1.75/100g",Pasta & Pasta Sauce,/p/20915948_EA
"Classic, Capelli D'Angelo Pasta",$2.79 ,$2.79 ,"375 g, $0.74/100g",Pasta & Pasta Sauce,/p/20322316_EA
Jinmailang Long Xu Noodle,$2.79 ,$3.39 ,"1 kg, $0.28/100g",Pasta & Pasta Sauce,/p/21037951_EA
Spinach & Cheese Pasta Sauce,$3.79 ,$3.79 ,"650 ml, $0.58/100ml",Pasta & Pasta Sauce,20131344004_EA
Linguine Pasta,$3.29 ,$3.29 ,"450 g, $0.73/100g",Pasta & Pasta Sauce,/p/20889674_EA
Whole Grain Fettucine Pasta,$2.79 ,$2.79 ,"375 g, $0.74/100g",Pasta & Pasta Sauce,20302050001_EA
Penne Rigate,$3.19 ,$3.19 ,"900 g, $0.35/100g",Pasta & Pasta Sauce,20081342013_EA
"Pasta, Shells",$2.99 ,$2.99 ,"900 g, $0.33/100g",Pasta & Pasta Sauce,20311358010_EA
Four Cheese Filled Gnocchi,$3.99 ,$3.99 ,"280 g, $1.43/100g",Pasta & Pasta Sauce,/p/21470667_EA
Whole Grain Lasagna Pasta,$3.99 ,$3.99 ,"375 g, $1.06/100g",Pasta & Pasta Sauce,/p/20116949_EA
Spaghettini,$7.99 ,$7.99 ,"2.27 kg, $0.35/100g",Pasta & Pasta Sauce,20317105002_EA
Pasta Pennette Rigate,$2.49 ,$2.49 ,"410 g, $0.61/100g",Pasta & Pasta Sauce,/p/21404966_EA
"Pasta, Spaghetti",$2.99 ,$2.99 ,"900 g, $0.33/100g",Pasta & Pasta Sauce,20311358001_EA
"Classic, Linguine Pasta",$4.99 ,$4.99 ,"900 g, $0.55/100g",Pasta & Pasta Sauce,20322570002_EA
Pasta Fusilli No. 34,$3.29 ,$3.29 ,"450 g, $0.72/100g",Pasta & Pasta Sauce,/p/21056280_EA
"Pasta Sauce, Original",$7.99 ,$7.99 ,"1.75 l, $0.46/100ml",Pasta & Pasta Sauce,20316080001_EA
Spaghettini,$3.29 ,$3.29 ,"450 g, $0.72/100g",Pasta & Pasta Sauce,/p/21056287_EA
Rice Vermicelli,$2.49 ,$2.49 ,"454 g, $0.55/100g",Pasta & Pasta Sauce,20343466003_EA
"Tortellini with Cheese, Twin Pack ",$7.99 ,$7.99 ,"500 g, $1.60/100g",Pasta & Pasta Sauce,/p/20316698_EA
Mushroom Ravioli ,$8.99 ,$8.99 ,"600 g, $1.50/100g",Pasta & Pasta Sauce,/p/21165550_EA
Ramen Organic,$4.59 ,$4.59 ,"269 g, $1.71/100g",Pasta & Pasta Sauce,/p/21448837_EA
Splendido Ricotta and Spinach Girasole,$8.99 ,$8.99 ,"600 g, $1.50/100g",Pasta & Pasta Sauce,/p/21165480_EA
White Spaghetti Pasta With Fibre,$2.79 ,$2.79 ,"375 g, $0.74/100g",Pasta & Pasta Sauce,/p/20686187_EA
"Whole Grains, Linguine Pasta",$3.49 ,$3.49 ,"375 g, $0.93/100g",Pasta & Pasta Sauce,20312623002_EA
Jumbo Shells,$3.49 ,$3.49 ,"250 g, $1.40/100g",Pasta & Pasta Sauce,20303112002_EA
Buckwheat Noodles ,$8.49 ,$8.49 ,"1.3 kg, $0.65/100g",Pasta & Pasta Sauce,/p/20017197_EA
Girassoli Made with Buffalo Milk Mozzarella,$6.49 ,$6.49 ,"250 g, $2.60/100g",Pasta & Pasta Sauce,/p/20502682_EA
"Spinach & Roasted Garlic, Fettuccine Pasta ",$3.49 ,$3.49 ,"375 g, $0.93/100g",Pasta & Pasta Sauce,20299819011_EA
"Pasta Sauce, Fresh Mushrooms",$7.99 ,$7.99 ,"1.75 l, $0.46/100ml",Pasta & Pasta Sauce,20316080002_EA
Italian Sausage Pasta Sauce,$4.29 ,$4.29 ,"650 ml, $0.66/100ml",Pasta & Pasta Sauce,/p/21004178_EA
Penne Rigate With Fibre White Pasta,$2.79 ,$2.79 ,"375 g, $0.74/100g",Pasta & Pasta Sauce,/p/20686119_EA
Tomato Paste,$2.99 ,$2.99 ,"369 ml, $0.81/100ml",Pasta & Pasta Sauce,/p/20157369_EA
Rigatoni Pasta,$2.49 ,$2.49 ,"454 g, $0.55/100g",Pasta & Pasta Sauce,/p/21001576_EA
Tomatoes First Original Tomato Sauce,$2.00 ,$2.00 ,"680 ml, $0.29/100ml",Pasta & Pasta Sauce,20599748002_EA
Cherry Tomatoes Pasta Sauce,$6.29 ,$6.29 ,"398 ml, $1.58/100ml",Pasta & Pasta Sauce,/p/21163594_EA
"Tomato Sauce, No Salt",$1.99 ,$1.99 ,"398 ml, $0.50/100ml",Pasta & Pasta Sauce,20063296002_EA
"Multigrain, Spaghetti Pasta",$3.49 ,$3.49 ,"375 g, $0.93/100g",Pasta & Pasta Sauce,20312623003_EA
Extra Fine Egg Noodles,$2.99 ,$2.99 ,"340 g, $0.88/100g",Pasta & Pasta Sauce,20313361003_EA
"Smart, Fusilli Pasta",$3.49 ,$3.49 ,"375 g, $0.93/100g",Pasta & Pasta Sauce,/p/20527263_EA
Capellini Pasta,$2.49 ,$2.49 ,"454 g, $0.55/100g",Pasta & Pasta Sauce,/p/21001605_EA
Chicken Prosciutto Cannelloni ,$10.49 ,$10.49 ,"540 g, $1.94/100g",Pasta & Pasta Sauce,/p/20297095_EA
Linguine ,$4.49 ,$4.49 ,"350 g, $1.28/100g",Pasta & Pasta Sauce,/p/20094335_EA
Whole Grain Spaghettini Pasta,$2.79 ,$2.79 ,"375 g, $0.74/100g",Pasta & Pasta Sauce,20252144002_EA
Bow Tie Pasta,$1.49 ,$1.49 ,"500 g, $0.30/100g",Pasta & Pasta Sauce,20321193005_EA
Lasagna Sheets ,$4.49 ,$4.49 ,"360 g, $1.25/100g",Pasta & Pasta Sauce,/p/21021693_EA
"Pasta, Orzo ",$2.49 ,$2.49 ,"450 g, $0.55/100g",Pasta & Pasta Sauce,20792919001_EA
"Pasta Sauce, Tomato Basil",$10.99 ,$10.99 ,"670 ml, $1.64/100ml",Pasta & Pasta Sauce,/p/20996011_EA
Fresh Ricotta & Spinach Cannelloni ,$10.49 ,$10.49 ,"540 g, $1.94/100g",Pasta & Pasta Sauce,/p/20334658_EA
"Pasta Sauce, Garlic Marinara",$10.99 ,$10.99 ,"670 ml, $1.64/100ml",Pasta & Pasta Sauce,/p/20996041_EA
"Organic Pasta Sauce, Roasted Garlic & Herb",$6.29 ,$6.29 ,"700 ml, $0.90/100ml",Pasta & Pasta Sauce,20318521002_EA
Vermicelli Longkou Pancit Sotanghon,$1.99 ,$2.29 ,"8x50.0 g, $0.50/100g",Pasta & Pasta Sauce,/p/21295298_EA
"Pasta Sauce, Original",$2.49 ,$2.49 ,"680 ml, $0.37/100ml",Pasta & Pasta Sauce,20326537001_EA
Sauce Authentica Arrabiata,$3.97 ,$4.49 ,"530 ml, $0.75/100ml",Pasta & Pasta Sauce,/p/20976152_EA
Spaghetti 15,$3.29 ,$3.29 ,"450 g, $0.73/100g",Pasta & Pasta Sauce,/p/20889657_EA
Di Sorrento Roasted Garlic & Onion Pasta Sauce,$3.77 ,$3.77 ,"650 ml, $0.58/100ml",Pasta & Pasta Sauce,20323101007_EA
Pasta Rigatoni No. 24,$3.29 ,$3.29 ,"450 g, $0.72/100g",Pasta & Pasta Sauce,/p/21056284_EA
Gluten Free Elbows Pasta,$3.79 ,$3.79 ,"340 g, $1.11/100g",Pasta & Pasta Sauce,/p/20963729_EA
Roasted Red Pepper Alfredo Spaghetti Pasta Sauce,$3.77 ,$3.77 ,"410 ml, $0.92/100ml",Pasta & Pasta Sauce,20325609006_EA
Nduja Spread,$6.99 ,$6.99 ,"180 g, $3.88/100g",Pasta & Pasta Sauce,/p/21433107_EA
Gluten Free Fettuccine Pasta,$3.79 ,$3.79 ,"340 g, $1.11/100g",Pasta & Pasta Sauce,/p/20996219_EA
Penne Ritorte,$3.99 ,$3.99 ,"500 g, $0.80/100g",Pasta & Pasta Sauce,20419290005_EA
"Gluten Free, Linguine Pasta",$3.29 ,$3.29 ,"340 g, $0.97/100g",Pasta & Pasta Sauce,/p/20897811_EA
Rigatoni,$3.19 ,$3.19 ,"900 g, $0.35/100g",Pasta & Pasta Sauce,20081342016_EA
"Pesto with Basil, Pine Nuts and Extra Virgin Olive Oil Pasta Sauce",$4.69 ,$4.69 ,"190 g, $2.47/100g",Pasta & Pasta Sauce,/p/21462864_EA
Egg Noodles,$8.99 ,$8.99 ,"828 g, $1.09/100g",Pasta & Pasta Sauce,/p/20689998_EA
Mezzelune Burrata & ‘Nduja,$6.49 ,$6.49 ,"250 g, $2.60/100g",Pasta & Pasta Sauce,/p/21398594_EA
OB Spicy Marinara,$11.99 ,$11.99 ,"685 ml, $1.75/100ml",Pasta & Pasta Sauce,/p/20982987_EA
"Pasta Sauce, Classic Alfredo ",$5.99 ,$5.99 ,"300 ml, $2.00/100ml",Pasta & Pasta Sauce,/p/20093406_EA
Rainbow Tortellini with Cheese ,$10.49 ,$10.49 ,"700 g, $1.50/100g",Pasta & Pasta Sauce,/p/20312412_EA
"Whole Grains, Spaghetti Pasta",$3.49 ,$3.49 ,"375 g, $0.93/100g",Pasta & Pasta Sauce,20312623001_EA
Lasagne,$3.29 ,$3.29 ,"375 g, $0.88/100g",Pasta & Pasta Sauce,20321035002_EA
Potato Gnocchi,$6.49 ,$6.49 ,"350 g, $1.85/100g",Pasta & Pasta Sauce,/p/21183265_EA
"Oriental Style Noodle, Thin",$4.49 ,$4.49 ,"500 g, $0.90/100g",Pasta & Pasta Sauce,/p/20733417_EA
"Pasta, Spaghettini",$2.99 ,$2.99 ,"900 g, $0.33/100g",Pasta & Pasta Sauce,20311358006_EA
Ricotta and Spinach Filled Gnocchi,$3.59 ,$3.59 ,"280 g, $1.28/100g",Pasta & Pasta Sauce,/p/21470648_EA
Jinmailang Ramen Noodle,$2.79 ,$3.39 ,"1 kg, $0.28/100g",Pasta & Pasta Sauce,/p/21037924_EA
Baby Shells,$3.19 ,$3.19 ,"900 g, $0.35/100g",Pasta & Pasta Sauce,20081342018_EA
"Pasta, Spaghetti Club Pack",$7.99 ,$7.99 ,"2.27 kg, $0.35/100g",Pasta & Pasta Sauce,20317105001_EA
Thin Shrimp Egg Noodles,$1.99 ,$2.29 ,"454 g, $0.44/100g",Pasta & Pasta Sauce,/p/21347131_EA
"Pasta, Rigatoni",$2.99 ,$2.99 ,"900 g, $0.33/100g",Pasta & Pasta Sauce,20311358012_EA
Chinese Style Steam Fried Noodles,$2.99 ,$2.99 ,"397 g, $0.75/100g",Pasta & Pasta Sauce,/p/21418473_EA
White Spaghettini Pasta With Fibre,$2.79 ,$2.79 ,"375 g, $0.74/100g",Pasta & Pasta Sauce,/p/20686252_EA
"Sweet Potato Vermicelli, Wide",$1.79 ,$1.79 ,"400 g, $0.45/100g",Pasta & Pasta Sauce,/p/21447368_EA
Skillet Gnocchi ,$10.49 ,$10.49 ,"700 g, $1.50/100g",Pasta & Pasta Sauce,/p/21021889_EA
Soba Organic,$4.59 ,$4.59 ,"269 g, $1.71/100g",Pasta & Pasta Sauce,/p/21448830_EA
Spicy Braised Pork Tortellini,$6.99 ,$6.99 ,"560 g, $1.25/100g",Pasta & Pasta Sauce,/p/21479782_EA
"Triangoli, Porcini Mushroom with Truffle",$6.49 ,$6.49 ,"250 g, $2.60/100g",Pasta & Pasta Sauce,/p/20704922_EA
Nested Angel Hair,$4.99 ,$4.99 ,"300 g, $1.66/100g",Pasta & Pasta Sauce,/p/21099641_EA
Royal Umbrella Rice,$2.39 ,$2.39 ,"454 g, $0.53/100g",Pasta & Pasta Sauce,/p/20805124_EA
"Classic, Penne Rigate Pasta",$4.99 ,$4.99 ,"700 g, $0.71/100g",Pasta & Pasta Sauce,/p/20756750_EA
Fish Sauce,$1.99 ,$1.99 ,"200 ml, $1.00/100ml",Pasta & Pasta Sauce,/p/21499955_EA
"Pasta, Vermicelli Longkou Pancit Sotanghon",$1.69 ,$1.69 ,"250 g, $0.68/100g",Pasta & Pasta Sauce,/p/21295389_EA
"Ravioli, Braised Beef au jus ",$10.49 ,$10.49 ,"500 g, $2.10/100g",Pasta & Pasta Sauce,/p/20915834_EA
"Rainbow Cheese Tortellini, Large",$6.99 ,$10.49 ,"1000 g, $0.70/100g",Pasta & Pasta Sauce,/p/21302616_EA
Udon Noodles ,$1.79 ,$1.99 ,"363 g, $0.49/100g",Pasta & Pasta Sauce,20692709003_EA
Pasta Bucatini No. 15,$3.29 ,$3.29 ,"450 g, $0.72/100g",Pasta & Pasta Sauce,/p/21056277_EA
Marinara Pasta Sauce,$7.49 ,$7.49 ,"580 ml, $1.29/100ml",Pasta & Pasta Sauce,/p/20967241_EA
Basil Pesto,$5.59 ,$5.59 ,"190 ml, $2.94/100ml",Pasta & Pasta Sauce,/p/21339514_EA
7-Vegetable Primavera Pasta Sauce,$3.79 ,$3.79 ,"650 ml, $0.58/100ml",Pasta & Pasta Sauce,20131344001_EA
Bolognese Pasta Sauce,$4.29 ,$4.29 ,"425 ml, $1.01/100ml",Pasta & Pasta Sauce,20315145002_EA
Bolognese Spaghetti Pasta Sauce,$3.77 ,$3.77 ,"650 ml, $0.58/100ml",Pasta & Pasta Sauce,/p/20961253_EA
Marinara Pasta Sauce ,$4.29 ,$4.29 ,"700 ml, $0.61/100ml",Pasta & Pasta Sauce,20629217002_EA
Blue Menu Alfredo Pasta Sauce,$3.79 ,$3.79 ,"410 ml, $0.92/100ml",Pasta & Pasta Sauce,20217610001_EA
Original Pasta Sauce,$1.79 ,$1.79 ,"680 ml, $0.26/100ml",Pasta & Pasta Sauce,20299886001_EA
Spaghetti,$3.29 ,$3.29 ,"450 g, $0.72/100g",Pasta & Pasta Sauce,/p/21056286_EA
"Pasta, Baby Shells",$2.49 ,$2.49 ,"450 g, $0.55/100g",Pasta & Pasta Sauce,20792919004_EA
Marinara Pasta Sauce,$5.49 ,$5.49 ,"650 ml, $0.84/100ml",Pasta & Pasta Sauce,20414980002_EA
Capellini,$3.19 ,$3.19 ,"900 g, $0.35/100g",Pasta & Pasta Sauce,20081342002_EA
Original Pasta Sauce,$4.29 ,$4.29 ,"700 ml, $0.61/100ml",Pasta & Pasta Sauce,20296296001_EA
"Smart, Penne Rigate Pasta",$3.49 ,$3.49 ,"375 g, $0.93/100g",Pasta & Pasta Sauce,/p/20527264_EA
Blue Menu Roasted Garlic Alfredo Pasta Sauce,$3.79 ,$3.79 ,"410 ml, $0.92/100ml",Pasta & Pasta Sauce,/p/20437539_EA
"Artisan Pasta, Fusilli",$2.49 ,$2.49 ,"450 g, $0.55/100g",Pasta & Pasta Sauce,/p/21220498_EA
Arrabbiata Pasta Sauce,$5.49 ,$5.49 ,"650 ml, $0.84/100ml",Pasta & Pasta Sauce,20414980001_EA
Fire Roasted Tomato Pasta Sauce,$3.79 ,$3.79 ,"650 ml, $0.58/100ml",Pasta & Pasta Sauce,20131344008_EA
Tomato Paste     ,$4.49 ,$4.49 ,"156 ml, $2.88/100ml",Pasta & Pasta Sauce,/p/20934088_EA
"Italian Tomato Sauce, Onion, Herbs, and Spices",$2.49 ,$2.49 ,"680 ml, $0.37/100ml",Pasta & Pasta Sauce,20023601001_EA
Cholesterol-Free Egg White Noodles Dumplings,$3.29 ,$3.29 ,"340 g, $0.97/100g",Pasta & Pasta Sauce,/p/21439295_EA
"Artisan Pasta, Spaghettini",$2.49 ,$2.49 ,"450 g, $0.55/100g",Pasta & Pasta Sauce,/p/21220489_EA
"Egg Noodles, Medium",$2.99 ,$2.99 ,"340 g, $0.88/100g",Pasta & Pasta Sauce,20313361002_EA
"Manwich Sauce, Original",$2.49 ,$2.49 ,"398 ml, $0.63/100ml",Pasta & Pasta Sauce,/p/20177071_EA
Farfalle,$3.29 ,$3.29 ,"450 g, $0.73/100g",Pasta & Pasta Sauce,20303498001_EA
"Smart, Lasagne Pasta",$4.29 ,$4.29 ,"375 g, $1.14/100g",Pasta & Pasta Sauce,/p/20632578_EA
Tri-Colour Rotini Pasta,$3.49 ,$3.49 ,"375 g, $0.93/100g",Pasta & Pasta Sauce,20299819006_EA
Potato Gnocchi,$4.79 ,$4.79 ,"1 kg, $0.48/100g",Pasta & Pasta Sauce,/p/20066563_EA
Spaghettini Pasta,$2.49 ,$2.49 ,"454 g, $0.55/100g",Pasta & Pasta Sauce,/p/21001588_EA
Ginger Garlic Paste Ground Ginger & Garlic,$7.49 ,$7.49 ,"700 g, $1.07/100g",Pasta & Pasta Sauce,/p/21447370_EA
"Gluten Free, Lasagne Pasta",$4.29 ,$4.29 ,"250 g, $1.72/100g",Pasta & Pasta Sauce,/p/20897532_EA
Ginger Garlic Paste Ground Ginger & Garlic,$7.49 ,$7.49 ,"700 g, $1.07/100g",Pasta & Pasta Sauce,/p/21447370_EA
"Whole Grains, Macaroni Pasta",$3.49 ,$3.49 ,"375 g, $0.93/100g",Pasta & Pasta Sauce,20299819001_EA
"Pasta Sauce, La Vodka",$10.99 ,$10.99 ,"670 ml, $1.64/100ml",Pasta & Pasta Sauce,/p/20996024_EA
Organics Passata,$3.99 ,$3.99 ,"660 ml, $0.60/100ml",Pasta & Pasta Sauce,/p/21461134_EA
Elbow Macaroni Pasta,$4.49 ,$4.49 ,"2 kg, $0.22/100g",Pasta & Pasta Sauce,/p/20054575_EA
Pasta Sauce,$8.49 ,$8.49 ,"680 ml, $1.25/100ml",Pasta & Pasta Sauce,/p/21306341_EA
Skillet Gnocchi ,$5.99 ,$5.99 ,"280 g, $2.14/100g",Pasta & Pasta Sauce,/p/21022065_EA
Rotini Pasta,$1.49 ,$1.49 ,"500 g, $0.30/100g",Pasta & Pasta Sauce,20321193001_EA
Alfredo Pasta Sauce,$4.79 ,$4.79 ,"300 ml, $1.60/100ml",Pasta & Pasta Sauce,/p/20967220_EA
Gnocchi,$2.99 ,$2.99 ,"500 g, $0.60/100g",Pasta & Pasta Sauce,20070449001_EA
Cholesterol-Free Egg White Noodles Fine,$3.29 ,$3.29 ,"340 g, $0.97/100g",Pasta & Pasta Sauce,/p/21439272_EA
Garlic Paste Ground Garlic,$4.49 ,$4.49 ,"310 g, $1.45/100g",Pasta & Pasta Sauce,/p/21447373_EA
Ginger Garlic Paste Ground Ginger & Garlic,$4.49 ,$4.49 ,"310 g, $1.45/100g",Pasta & Pasta Sauce,/p/21447372_EA
Pesto Sauce with Basil Organic,$9.49 ,$9.49 ,"160 ml, $5.93/100ml",Pasta & Pasta Sauce,/p/21093937_EA
Original Macaroni & Cheese Dinner,$1.22 ,$1.22 ,"200 g, $0.61/100g",Easy Meals & Sides,/p/21549526_EA
White Cheddar Deluxe Macaroni and Cheese Dinner,$1.49 ,$1.49 ,"200 g, $0.75/100g",Easy Meals & Sides,/p/21529753_EA
Deluxe Cheddar Macaroni and Cheese Dinner,$1.49 ,$1.49 ,"225 g, $0.66/100g",Easy Meals & Sides,/p/21529716_EA
"Noodles in a Cup, Chicken",$1.29 ,$1.29 ,"64 g, $2.02/100g",Easy Meals & Sides,20296506002_EA
Maple & Brown Sugar Flavour Instant Oatmeal,$3.49 ,$3.97 ,"344 g, $1.01/100g",Easy Meals & Sides,/p/21190254_EA
Dry Soup Mix Chicken Noodle,$3.79 ,$3.79 ,"338 g, $1.12/100g",Easy Meals & Sides,20315085002_EA
Pasta Side Dish Creamy Bacon Carbonara,$2.29 ,$2.29 ,"134 g, $1.71/100g",Easy Meals & Sides,20321430011_EA
Original Macaroni & Cheese Snack Cups,$2.19 ,$2.19 ,"58 g, $3.78/100g",Easy Meals & Sides,20298547001_EA
Onion Mix for Soup & Recipe 4 x 28g,$2.79 ,$2.79 ,"28 g, $9.96/100g",Easy Meals & Sides,/p/21099682_EA
Instant Oatmeal 3 Flavour Variety Pack,$3.49 ,$3.97 ,"314 g, $1.11/100g",Easy Meals & Sides,/p/21190260_EA
"Noodles, Masala",$0.39 ,$0.39 ,"70 g, $0.56/100g",Easy Meals & Sides,/p/20802664_EA
Pasta Side Dish Butter & Herb ,$2.29 ,$2.29 ,"133 g, $1.72/100g",Easy Meals & Sides,20321430007_EA
Butter & Herb Mashed Potatoes ,$2.79 ,$2.79 ,"215 g, $1.30/100g",Easy Meals & Sides,20315353001_EA
"Noodles in a Cup, Beef",$1.29 ,$1.29 ,"64 g, $2.02/100g",Easy Meals & Sides,20296506001_EA
Apples & Cinnamon Instant Oatmeal,$3.49 ,$3.97 ,"264 g, $1.32/100g",Easy Meals & Sides,/p/21190251_EA
Extra Creamy Macaroni & Cheese Dinner,$2.29 ,$2.29 ,"175 g, $1.31/100g",Easy Meals & Sides,/p/21549590_EA
Pasta Side Dish for a quick meal Creamy Garlic Raffaello ,$2.29 ,$2.29 ,"137 g, $1.67/100g",Easy Meals & Sides,20321430012_EA
"Noodles in a Cup, Spicy Chicken",$1.29 ,$1.29 ,"64 g, $2.02/100g",Easy Meals & Sides,20296506003_EA
Soup Mix great Onion ,$3.79 ,$3.79 ,"113 g, $3.35/100g",Easy Meals & Sides,20315085003_EA
Pasta Side Dish that's easy to prepare Creamy Parmesan ,$2.29 ,$2.29 ,"133 g, $1.72/100g",Easy Meals & Sides,20321430004_EA
"Original Macaroni & Cheese Dinner, 12-Pack",$12.99 ,$12.99 ,"2400 g, $0.54/100g",Easy Meals & Sides,/p/21550825_EA
Soup Mix Onion ,$2.29 ,$2.29 ,"56 g, $4.09/100g",Easy Meals & Sides,20308188007_EA
Three Cheese Macaroni And Cheese Dinner,$2.29 ,$2.29 ,"175 g, $1.31/100g",Easy Meals & Sides,/p/21549589_EA
Dry Soup Mix Chicken Noodle ,$2.29 ,$2.29 ,"166 g, $1.38/100g",Easy Meals & Sides,20308188001_EA
Pasta Side Dish for a quick meal Fettuccine Alfredo,$2.29 ,$2.29 ,"133 g, $1.72/100g",Easy Meals & Sides,20321430001_EA
Sharp Cheddar Macaroni And Cheese Dinner,$2.29 ,$2.29 ,"175 g, $1.31/100g",Easy Meals & Sides,/p/21549588_EA
Instant Mi Goreng Fried Noodles,$2.88 ,$3.49 ,"5x85.0 g, $0.68/100g",Easy Meals & Sides,/p/20686719_EA
White Cheddar Macaroni And Cheese Dinner,$2.29 ,$2.29 ,"175 g, $1.31/100g",Easy Meals & Sides,/p/21549555_EA
Onion Recipe and Soup Mix,$1.49 ,$1.49 ,"28 g, $5.32/100g",Easy Meals & Sides,/p/21099689_EA
Roasted Garlic Mashed Potatoes,$2.79 ,$2.79 ,"215 g, $1.30/100g",Easy Meals & Sides,20315353002_EA
Pasta Side Dish Sour Cream & Chives ,$2.29 ,$2.29 ,"133 g, $1.72/100g",Easy Meals & Sides,20321430006_EA
"Soup Cups, Chicken",$1.19 ,$1.19 ,"65 g, $1.83/100g",Easy Meals & Sides,20301246002_EA
Shin Noodle Soup Ramyun Noodles With Soup Mix Gourmet Spicy,$5.49 ,$5.49 ,"480 g, $1.14/100g",Easy Meals & Sides,/p/21504161_EA
Chicken Stuffing Mix,$1.99 ,$1.99 ,"120 g, $1.66/100g",Easy Meals & Sides,20009598001_EA
Kraft Dinner Unicorn Shapes,$2.29 ,$2.29 ,"156 g, $1.47/100g",Easy Meals & Sides,/p/21393426_EA
Rice Side Dish for a quick rice dish Cheddar & Broccoli ,$2.29 ,$2.29 ,"133 g, $1.72/100g",Easy Meals & Sides,20321430015_EA
Triple Cheese Macaroni & Cheese Snack Cup,$2.19 ,$2.19 ,"58 g, $3.78/100g",Easy Meals & Sides,20298547003_EA
Pasta Side Dish that's easy to prepare Creamy Chicken Fusilli ,$2.29 ,$2.29 ,"133 g, $1.72/100g",Easy Meals & Sides,20321430017_EA
Macaroni & Cheese Spirals,$2.29 ,$2.29 ,"175 g, $1.31/100g",Easy Meals & Sides,/p/20740396_EA
Noodles Masala,$1.79 ,$1.79 ,"280 g, $0.64/100g",Easy Meals & Sides,/p/20870359_EA
"Dry Soup Mix Chicken Noodle, 25% Less Salt",$3.79 ,$3.79 ,"228 g, $1.66/100g",Easy Meals & Sides,20315085001_EA
Pasta Side dish that's easy to prepare Chicken ,$2.29 ,$2.29 ,"133 g, $1.72/100g",Easy Meals & Sides,20321430005_EA
Au Gratin Scalloped Potatoes,$2.79 ,$2.79 ,"141 g, $1.98/100g",Easy Meals & Sides,20296518002_EA
"Shin Brand Cup Noodle, Oolongmen Shin",$1.28 ,$1.59 ,"75 g, $1.71/100g",Easy Meals & Sides,20032441005_EA
Shin Noodles With Soup Mix Gourmet Spicy,$1.49 ,$1.49 ,"120 g, $1.24/100g",Easy Meals & Sides,/p/21504277_EA
Creamy Scalloped Potatoes,$2.79 ,$2.79 ,"141 g, $1.98/100g",Easy Meals & Sides,20296518003_EA
Sidekicks Pasta Garlic Alfredo Fettuccine,$2.29 ,$2.29 ,"133 g, $1.72/100g",Easy Meals & Sides,/p/21067364_EA
Pasta Side Dish for a quick meal White Cheddar & Broccoli,$2.29 ,$2.29 ,"133 g, $1.72/100g",Easy Meals & Sides,20321430029_EA
Noodles Side Dish quick and easy to prepare Honey Garlic ,$2.29 ,$2.29 ,"162 g, $1.41/100g",Easy Meals & Sides,20321430023_EA
Soup Mix Vegetable,$2.29 ,$2.29 ,"40 g, $5.73/100g",Easy Meals & Sides,20297514001_EA
Turkey Stuffing Mix,$1.99 ,$1.99 ,"120 g, $1.66/100g",Easy Meals & Sides,20310507001_EA
"Noodles in a Bowl, Chicken",$2.29 ,$2.29 ,"110 g, $2.08/100g",Easy Meals & Sides,20346960001_EA
Soup Base For Seafood Hot Pot,$1.29 ,$1.29 ,"40 ml, $3.23/100ml",Easy Meals & Sides,/p/21384051_EA
Japanese Style Noodles,$3.49 ,$3.49 ,"82 g, $4.26/100g",Easy Meals & Sides,/p/21392461_EA
"Instant Pho Noodles Bowl, Beef",$1.39 ,$1.39 ,"70 g, $1.99/100g",Easy Meals & Sides,20345184001_EA
Dry Soup Mix Chicken Noodle Nutri Soup low fat and no artificial flavours,$14.49 ,$14.49 ,"912 g, $6.36/100g",Easy Meals & Sides,/p/21190746_EA
"Bowl Noodle Soup, Kimchi Flavour",$1.79 ,$1.99 ,"86 g, $2.08/100g",Easy Meals & Sides,20311560001_EA
"Bowl Noodle, Hot & Spicy",$1.49 ,$1.49 ,"86 g, $1.73/100g",Easy Meals & Sides,20087422003_EA
Chicken Broth,$2.79 ,$2.89 ,"150 g, $1.86/100g",Easy Meals & Sides,20323241002_EA
"Stir-Fried Noodle Buldak Ramen, Hot Chicken Flavour",$2.29 ,$2.29 ,"70 g, $3.27/100g",Easy Meals & Sides,/p/21450287_EA
"Hot Pot Seasoning, Sichuan",$2.99 ,$2.99 ,"200 g, $1.50/100g",Easy Meals & Sides,/p/20877899_EA
Noodles With Soup Mix Tempura Udon Flavour,$1.59 ,$1.59 ,"75 g, $2.12/100g",Easy Meals & Sides,/p/21444355_EA
"Bowl Noodle Soup, Spicy Chicken",$1.79 ,$1.99 ,"86 g, $2.08/100g",Easy Meals & Sides,20311560002_EA
Stir-Fried Noodle Hot Chicken Flavor Ramen,$6.99 ,$8.99 ,"650 g, $1.08/100g",Easy Meals & Sides,/p/21450283_EA
"Instant Miso Soup, Tofu",$2.29 ,$3.58 ,"29 g, $7.90/100g",Easy Meals & Sides,/p/20999104_EA
"Instant Noodle Bowl, Chicken",$2.79 ,$2.79 ,"100 g, $2.79/100g",Easy Meals & Sides,/p/20301689_EA
Liuzhou Rice Vermicelli,$4.29 ,$4.29 ,"268 g, $1.60/100g",Easy Meals & Sides,/p/21386734_EA
Tamarind Soup Base,$0.89 ,$0.99 ,"40 g, $2.23/100g",Easy Meals & Sides,/p/20984136_EA
Instant Noodle Soup Artificial Chicken Flavour,$0.79 ,$0.79 ,"55 g, $1.44/100g",Easy Meals & Sides,20347474002_EA
Premium Dehraduni Basmati Rice,$15.99 ,$15.99 ,"4.54 kg, $0.35/100g",Easy Meals & Sides,/p/21029920_EA
Hot Pot Soup Base (Plain),$4.99 ,$4.99 ,"130 g, $3.84/100g",Easy Meals & Sides,/p/20703003_EA
Deluxe Macaroni & Cheese,$4.79 ,$4.79 ,"400 g, $1.20/100g",Easy Meals & Sides,20311410003_EA
"Hot Pot Soup Base, Hot",$4.99 ,$4.99 ,"235 g, $2.12/100g",Easy Meals & Sides,/p/20702783_EA
Rice Noodle Cup Vietnamese Beef Pho low ,$2.79 ,$2.79 ,"60 g, $4.65/100g",Easy Meals & Sides,/p/21315412_EA
"Soup Cups, Beef",$1.19 ,$1.19 ,"65 g, $1.83/100g",Easy Meals & Sides,20301246001_EA
"Ramen, Spicy Tequila Lime Flavour",$2.49 ,$2.49 ,"71 g, $3.51/100g",Easy Meals & Sides,/p/21525731_EA
Dry Soup Mix Broth Beef ,$2.29 ,$2.29 ,"94 g, $2.44/100g",Easy Meals & Sides,20308188003_EA
Sidekicks Rice & Vermicelli Country Mushroom ,$2.29 ,$2.29 ,"132 g, $1.73/100g",Easy Meals & Sides,20321430014_EA
"Ready To Serve, Long Grain & Wild Rice Fine Herbs",$2.99 ,$2.99 ,"250 g, $1.20/100g",Easy Meals & Sides,20157709001_EA
"Bowl Noodles, Savory Chicken",$1.49 ,$1.49 ,"86 g, $1.73/100g",Easy Meals & Sides,20306702001_EA
"Cup Noodle, Oolongmen Beef",$1.28 ,$1.59 ,"75 g, $1.71/100g",Easy Meals & Sides,20032441002_EA
Hamburger Helper Beef Noodle,$2.79 ,$2.79 ,"200 g, $1.40/100g",Easy Meals & Sides,20315242004_EA
"Oriental Style Instant Noodles, Shrimp",$0.49 ,$0.75 ,"60 g, $0.82/100g",Easy Meals & Sides,/p/20317814_EA
Sidekicks Butter & Herb Rice & Vermicelli Side Dis,$2.29 ,$2.29 ,"153 g, $1.50/100g",Easy Meals & Sides,/p/21363779_EA
Macaroni & Cheese Alphabet Shapes,$2.29 ,$2.29 ,"156 g, $1.47/100g",Easy Meals & Sides,/p/20765905_EA
Paneer Tikka Masala,$2.99 ,$2.99 ,"300 g, $1.00/100g",Easy Meals & Sides,20769717011_EA
Lemon Rice,$2.29 ,$2.29 ,"250 g, $0.92/100g",Easy Meals & Sides,/p/20858348_EA
Black Gram Lentil Curry,$4.99 ,$4.99 ,"270 ml, $1.85/100ml",Easy Meals & Sides,20307206002_EA
Yippee Masala Noodles,$0.69 ,$0.69 ,"70 g, $0.99/100g",Easy Meals & Sides,/p/21127102_EA
"Instant Pho Noodles Bowl, Chicken",$1.39 ,$1.39 ,"70 g, $1.99/100g",Easy Meals & Sides,20345184002_EA
Bowl Instant Noodles Shrimp Fish Flavor,$1.99 ,$1.99 ,"108 g, $1.84/100g",Easy Meals & Sides,20430820003_EA
Braised Beef Ramen Cups,$2.49 ,$2.49 ,"71 g, $3.51/100g",Easy Meals & Sides,/p/21448063_EA
Mushroom Flavoured Seasoning,$3.99 ,$4.79 ,"227 g, $1.76/100g",Easy Meals & Sides,/p/21422070_EA
"Instant Pancit Canton, Hot",$0.79 ,$0.79 ,"60 g, $1.32/100g",Easy Meals & Sides,20346767003_EA
Stir-Fried Noodle Buldak Kimchi Hot Chicken Flavor Ramen,$6.99 ,$8.69 ,"675 g, $1.04/100g",Easy Meals & Sides,/p/21450282_EA
Miso Ramen Japanese Style Noodles,$3.49 ,$3.49 ,"84 g, $4.15/100g",Easy Meals & Sides,/p/21392460_EA
Noodles Artificial Pork Flavour,$3.49 ,$3.99 ,"300 g, $1.16/100g",Easy Meals & Sides,/p/21417407_EA
"Instant Miso Soup, Tofu",$4.29 ,$4.49 ,"30 g, $14.30/100g",Easy Meals & Sides,20310148002_EA
Spicy Cold Noodles Korean Style,$3.99 ,$5.99 ,"520 g, $0.77/100g",Easy Meals & Sides,/p/20990839_EA
Spicy Cold Noodles Korean Style,$3.99 ,$5.99 ,"520 g, $0.77/100g",Easy Meals & Sides,/p/20990839_EA
Soon Veggie Noodle Soup,$1.28 ,$1.59 ,"75 g, $1.71/100g",Easy Meals & Sides,/p/20932797_EA
Bonito Soup Stock,$6.49 ,$6.49 ,"65 g, $9.98/100g",Easy Meals & Sides,/p/21530628_EA
Instant Noodle Artificial Chicken & Mushroom Flavor,$6.49 ,$6.49 ,"109 g, $5.95/100g",Easy Meals & Sides,/p/21456646_EA
"Demae Ramen, Beef Flavour",$0.79 ,$0.79 ,"100 g, $0.79/100g",Easy Meals & Sides,20145643002_EA
Chicken Curry Flavour Instant Noodles,$2.88 ,$3.49 ,"400 g, $0.72/100g",Easy Meals & Sides,/p/21289971_EA
Palak Paneer,$2.99 ,$2.99 ,"300 g, $1.00/100g",Easy Meals & Sides,20877484005_EA
Masala Noodles ,$1.39 ,$1.39 ,"300 g, $0.46/100g",Easy Meals & Sides,/p/21082580_EA
Dal Makhani,$2.99 ,$2.99 ,"300 g, $1.00/100g",Easy Meals & Sides,20769717008_EA
Yippee! Noodles Magic Masala   ,$2.29 ,$2.29 ,"280 g, $0.82/100g",Easy Meals & Sides,/p/21127101_EA
Mi Goreng Barbeque Chicken Flavour Instant Noodles,$2.88 ,$3.99 ,"425 g, $0.68/100g",Easy Meals & Sides,/p/21246480_EA
"Chicken Stuffing Mix, Low Sodium",$1.99 ,$1.99 ,"120 g, $1.66/100g",Easy Meals & Sides,20310507003_EA
Chicken Mushroom Hot Pot Soup Base,$5.49 ,$5.49 ,"200 g, $2.75/100g",Easy Meals & Sides,/p/21528226_EA
Soup Mix Cream of Leek,$2.29 ,$2.29 ,"77 g, $2.97/100g",Easy Meals & Sides,20297514002_EA
"Noodles in a Bowl, Beef",$2.29 ,$2.29 ,"110 g, $2.08/100g",Easy Meals & Sides,20346960002_EA
Soup Mix Chicken Noodle,$1.49 ,$1.49 ,"2x83.0 g, $0.90/100g",Easy Meals & Sides,/p/20685645_EA
Chicken Flavoured Ramen,$0.99 ,$1.29 ,"70 g, $1.41/100g",Easy Meals & Sides,/p/21375762_EA
2X Spicy Hot Chicken Flavor Ramen,$6.99 ,$8.69 ,"700 g, $1.00/100g",Easy Meals & Sides,/p/21412584_EA
Tomato Fusilli Cup,$1.89 ,$1.89 ,"70 g, $2.70/100g",Easy Meals & Sides,/p/21307936_EA
Hamburger Helper 3 Cheese Manicotti,$2.79 ,$2.79 ,"170 g, $1.64/100g",Easy Meals & Sides,20315242014_EA
Sidekicks Garlic Parmesan Rice & Vermicelli Side Dish ,$2.29 ,$2.29 ,"147 g, $1.56/100g",Easy Meals & Sides,/p/21363788_EA
Pasta Side Dish that's easy to prepare Chicken & Broccoli ,$2.29 ,$2.29 ,"133 g, $1.72/100g",Easy Meals & Sides,20321430034_EA
"Oven Baked Mac & Cheese, Sharp Cheddar",$5.99 ,$5.99 ,"349 g, $1.72/100g",Easy Meals & Sides,/p/21237393_EA
Yellow Dal Tadka,$4.99 ,$4.99 ,"270 g, $1.85/100g",Easy Meals & Sides,20715798002_EA
Secret Instant Noodles Hot Garlic,$1.99 ,$2.29 ,"240 g, $0.83/100g",Easy Meals & Sides,/p/21155106_EA
Shahi Paneer,$2.99 ,$2.99 ,"300 g, $1.00/100g",Easy Meals & Sides,20769717005_EA
Minute Khana Dal Tadka Mild,$3.29 ,$3.29 ,"300 g, $1.10/100g",Easy Meals & Sides,/p/21446754_EA
Cottage Cheese Curry,$4.99 ,$4.99 ,"280 ml, $1.78/100ml",Easy Meals & Sides,20307206003_EA
Channa Masala,$2.99 ,$2.99 ,"300 g, $1.00/100g",Easy Meals & Sides,20769717002_EA
Secret Instant Noodles Schezwan,$1.99 ,$2.29 ,"240 g, $0.83/100g",Easy Meals & Sides,/p/21155108_EA
Demae Ramen Instant Noodles With Sesame Oil,$0.79 ,$0.79 ,"100 g, $0.79/100g",Easy Meals & Sides,20145643001_EA
Spicy Beef Noodle,$2.49 ,$2.89 ,"320 g, $0.78/100g",Easy Meals & Sides,/p/21377300_EA
Instant Miso Soup Green Onion,$2.29 ,$3.58 ,"27 g, $8.48/100g",Easy Meals & Sides,/p/20999038_EA
Instant Noodle,$1.99 ,$1.99 ,"72 g, $2.76/100g",Easy Meals & Sides,/p/21418882_EA
Instant Noodle With Spicy Sauce Teumsae Stir-Fried Ramen Spicy,$5.99 ,$6.99 ,"520 g, $1.15/100g",Easy Meals & Sides,/p/21453400_EA
Udon Premium Noodle Soup,$4.49 ,$4.49 ,"276 g, $1.63/100g",Easy Meals & Sides,/p/20673760_EA
Noodles With Soup Mix Shin Vegan Gourmet Spicy,$1.59 ,$1.59 ,"75 g, $2.12/100g",Easy Meals & Sides,/p/21444351_EA
"Shin Brand Premium Noodle Soup, Shin Black Cup",$2.59 ,$2.59 ,"101 g, $2.56/100g",Easy Meals & Sides,/p/20674067_EA
Potatoes Mashed Loaded Baked,$1.99 ,$1.99 ,"113 g, $1.76/100g",Easy Meals & Sides,/p/21537081_EA
"Bowl Noodle Soup, Beef",$1.79 ,$1.99 ,"86 g, $2.08/100g",Easy Meals & Sides,/p/20431191_EA
"Instant Shiro Miso Soup, White",$4.29 ,$4.49 ,"30 g, $14.30/100g",Easy Meals & Sides,20049864001_EA
Stir Fried Noodle Bowl,$1.29 ,$1.29 ,"80 g, $1.61/100g",Easy Meals & Sides,/p/21377275_EA
Neoguri Noodles With Soup Mix Mild Seafood Flavour,$5.49 ,$5.49 ,"480 g, $1.14/100g",Easy Meals & Sides,/p/21444366_EA
White Cheddar Cheese Seasoning Blend,$6.29 ,$6.29 ,"220 g, $2.86/100g",Easy Meals & Sides,/p/21402965_EA
Lucky Me Original Chow Mein,$3.49 ,$3.49 ,"360 g, $0.97/100g",Easy Meals & Sides,20689357002_EA
Hot Chicken Flavor Ramen Stir-Fried Noodle,$6.99 ,$8.69 ,"5x140.0 g, $1.00/100g",Easy Meals & Sides,p/21345870_C05
Dinner Jalapeno Macaroni & Cheese Snack Cup,$2.19 ,$2.19 ,"58 g, $3.78/100g",Easy Meals & Sides,/p/21435099_EA
Hamburger Helper Stroganoff,$2.79 ,$2.79 ,"158 g, $1.77/100g",Easy Meals & Sides,20315242013_EA
Mushroom Risotto,$2.99 ,$2.99 ,"170 g, $1.76/100g",Easy Meals & Sides,20311043001_EA
Hamburger Helper Lasagne,$2.79 ,$2.79 ,"220 g, $1.27/100g",Easy Meals & Sides,20315242001_EA
Brown Basmati Rice Rice Side Dish,$3.79 ,$3.79 ,"240 g, $1.58/100g",Easy Meals & Sides,/p/21435051_EA
Instant Noodle Soup Artificial Beef Flavour,$0.79 ,$0.79 ,"55 g, $1.44/100g",Easy Meals & Sides,20347474001_EA
Chicken Bouillon Powder ,$11.49 ,$11.49 ,"1 kg, $1.15/100g",Easy Meals & Sides,/p/21311679_EA
Soup Mix with a Flavour Boost Cream Of Vegetable ,$2.29 ,$2.29 ,"83 g, $2.76/100g",Easy Meals & Sides,20297514012_EA
Instant Miso Soup Green Onion,$2.29 ,$3.58 ,"27 g, $8.48/100g",Easy Meals & Sides,/p/20999038_EA
Instant Noodle,$1.99 ,$1.99 ,"72 g, $2.76/100g",Easy Meals & Sides,/p/21418882_EA
Pad Thai Instant Noodle,$1.49 ,$1.49 ,"80 g, $1.86/100g",Easy Meals & Sides,/p/21375765_EA
White Cheddar Cheese Seasoning Blend,$6.29 ,$6.29 ,"220 g, $2.86/100g",Easy Meals & Sides,/p/21402965_EA
Lucky Me Original Chow Mein,$3.49 ,$3.49 ,"360 g, $0.97/100g",Easy Meals & Sides,20689357002_EA
Instant Noodle Soup Bulalo,$1.79 ,$1.99 ,"65 g, $2.75/100g",Easy Meals & Sides,20346533002_EA
Soup Mix Cream of Broccoli ,$2.29 ,$2.29 ,"52 g, $4.40/100g",Easy Meals & Sides,20297514013_EA
"Lucky Me Supreme Bowl, Pinoy Chicken",$1.79 ,$1.99 ,"65 g, $2.75/100g",Easy Meals & Sides,20346533003_EA
Neoguri Noodles With Soup Mix Mild Seafood Flavour,$5.49 ,$5.49 ,"480 g, $1.14/100g",Easy Meals & Sides,/p/21444366_EA
Tuna Helper Creamy Noodles,$2.79 ,$2.79 ,"233 g, $1.20/100g",Easy Meals & Sides,20315242003_EA
Chick Pea Curry,$4.99 ,$4.99 ,"270 ml, $1.85/100ml",Easy Meals & Sides,20307206001_EA
Navratan Kurma,$2.99 ,$2.99 ,"300 g, $1.00/100g",Easy Meals & Sides,20769717004_EA
Minute Khana Paneer Makhani Mild,$3.29 ,$3.29 ,"300 g, $1.10/100g",Easy Meals & Sides,/p/21446755_EA
Pav Bhaji,$2.99 ,$2.99 ,"300 g, $1.00/100g",Easy Meals & Sides,20877484002_EA
Minute Khana Dum Biryani Mild,$3.29 ,$3.29 ,"200 g, $1.65/100g",Easy Meals & Sides,/p/21446759_EA
Minute Khana Punjabi Choley Mild,$3.29 ,$3.29 ,"300 g, $1.10/100g",Easy Meals & Sides,/p/21446784_EA
Minute Khana Pav Bhaji Mild,$3.29 ,$3.29 ,"300 g, $1.10/100g",Easy Meals & Sides,/p/21446758_EA
Hot Chicken Flavor Ramen Curry,$6.99 ,$8.69 ,"700 g, $1.00/100g",Easy Meals & Sides,/p/21371842_EA
Shio Ramen Japanese Style Noodles,$3.49 ,$3.49 ,"84 g, $4.15/100g",Easy Meals & Sides,/p/21392459_EA
"Bouillon Cubes, Pork",$2.29 ,$2.49 ,"72 g, $3.18/100g",Easy Meals & Sides,/p/20936031_EA
Stir Fry Spicy Noodle,$2.49 ,$2.89 ,"340 g, $0.73/100g",Easy Meals & Sides,/p/21377318_EA
"Bowl Noodles, Spicy Chicken",$1.49 ,$1.49 ,"86 g, $1.73/100g",Easy Meals & Sides,/p/20142125_EA
Instant Noodles Artificial Roasted Beef Flavour 5 In 1,$5.99 ,$5.99 ,"540 g, $1.11/100g",Easy Meals & Sides,/p/21455110_EA
"Bouillon Cubes, Beef",$2.29 ,$2.49 ,"63 g, $3.63/100g",Easy Meals & Sides,/p/20935963_EA
Instant Noodle With Soup Base Demae Ramen Artificial Pork Flavour,$4.99 ,$4.99 ,"500 g, $1.00/100g",Easy Meals & Sides,/p/21437263_EA
Simply Macaroni & Cheese with Cauliflower,$2.29 ,$2.29 ,"150 g, $1.53/100g",Easy Meals & Sides,/p/20793558_EA
Tonkotsu Ramen Japanese Style Noodles,$3.49 ,$3.49 ,"83 g, $4.20/100g",Easy Meals & Sides,/p/21392338_EA
King Cup Gomtang Flavour Instant Noodles   ,$2.49 ,$2.49 ,"105 g, $2.37/100g",Easy Meals & Sides,20430847003_EA
Instant Pancit Canton Chow Mein Noodles Philippine Lemon Flavour,$3.49 ,$3.49 ,"360 g, $0.97/100g",Easy Meals & Sides,20689357003_EA
Shin Brand Shin Big Bowl,$2.19 ,$2.19 ,"114 g, $1.92/100g",Easy Meals & Sides,20139898001_EA
"Demae Ramen Instant Noodle Soup, Chicken Flavour",$0.79 ,$0.79 ,"100 g, $0.79/100g",Easy Meals & Sides,20145643003_EA
Hot Pot Soup Base Spicy,$4.99 ,$4.99 ,"200 g, $2.50/100g",Easy Meals & Sides,/p/21453949_EA
"Bowl Noodles, XO Sauce Seafood",$2.29 ,$2.29 ,"133 g, $1.72/100g",Easy Meals & Sides,20284660002_EA
Cheetos Mac'N Cheese Pasta Mix Bold & Cheesy Multipack 4Ct,$6.99 ,$6.99 ,"680 g, $1.03/100g",Easy Meals & Sides,/p/21438384_EA
Noodles Spicy Beef Flavour,$6.49 ,$6.49 ,"117 g, $5.55/100g",Easy Meals & Sides,/p/21456633_EA
Instant Noodle With Soup Base Demae Ramen Sesame Oil Flavour,$4.99 ,$4.99 ,"500 g, $1.00/100g",Easy Meals & Sides,/p/21438999_EA
Soup Base For Sichuan Hot & Spicy Hot Pot,$1.29 ,$1.29 ,"60 ml, $2.15/100ml",Easy Meals & Sides,/p/21383866_EA
"Oriental Style Instant Noodles, Pork",$0.49 ,$0.75 ,"60 g, $0.82/100g",Easy Meals & Sides,/p/20099117_EA
Hot Pot Soup Base Mushroom,$6.79 ,$6.79 ,"200 g, $3.40/100g",Easy Meals & Sides,/p/21528225_EA
"Pho Noodle Soup, Chicken",$1.99 ,$1.99 ,"115 g, $1.73/100g",Easy Meals & Sides,/p/20725370_EA
Pancit Canton Chow Mein Noodles Philippine Lemon Flavour,$0.79 ,$0.79 ,"60 g, $1.32/100g",Easy Meals & Sides,20346767001_EA
Mac'N Cheese Bold & Cheesy Pasta,$1.99 ,$1.99 ,"170 g, $1.17/100g",Easy Meals & Sides,/p/21390921_EA
Ramen Sweet Chili Togarashi,$2.49 ,$2.49 ,"71 g, $3.51/100g",Easy Meals & Sides,/p/21480110_EA
Hot Pot Soup Base Mushroom,$6.79 ,$6.79 ,"200 g, $3.40/100g",Easy Meals & Sides,/p/21528225_EA
"Noodles, Tonkotsu Flavour",$0.79 ,$0.79 ,"100 g, $0.79/100g",Easy Meals & Sides,20145643005_EA
Sidekicks Side Dishes Pasta Tomato Alfredo,$2.29 ,$2.29 ,"150 g, $1.53/100g",Easy Meals & Sides,20321430008_EA
Sidekicks Rice & Vermicelli  Harvest Chicken ,$2.29 ,$2.29 ,"133 g, $1.72/100g",Easy Meals & Sides,20321430010_EA
Sidekicks Parmesan Pesto Pasta Side Dish,$2.29 ,$2.29 ,"133 g, $1.72/100g",Easy Meals & Sides,20321430020_EA
Dinner Poutine Macaroni & Cheese Snack Cup,$2.19 ,$2.19 ,"58 g, $3.78/100g",Easy Meals & Sides,/p/21435132_EA
Hot Pot Soup Base Spicy,$4.99 ,$4.99 ,"200 g, $2.50/100g",Easy Meals & Sides,/p/21453949_EA
Instant Noodle,$1.99 ,$1.99 ,"69 g, $2.88/100g",Easy Meals & Sides,/p/21418869_EA
"Bowl Noodles, XO Sauce Seafood",$2.29 ,$2.29 ,"133 g, $1.72/100g",Easy Meals & Sides,20284660002_EA
Cheetos Mac'N Cheese Pasta Mix Bold & Cheesy Multipack 4Ct,$6.99 ,$6.99 ,"680 g, $1.03/100g",Easy Meals & Sides,/p/21438384_EA
Noodles Spicy Beef Flavour,$6.49 ,$6.49 ,"117 g, $5.55/100g",Easy Meals & Sides,/p/21456633_EA
Red Curry Paste,$2.99 ,$3.49 ,"400 g, $0.75/100g",Easy Meals & Sides,/p/20115485_EA
Instant Noodle With Soup Base Demae Ramen Sesame Oil Flavour,$4.99 ,$4.99 ,"500 g, $1.00/100g",Easy Meals & Sides,/p/21438999_EA
Soup Base For Sichuan Hot & Spicy Hot Pot,$1.29 ,$1.29 ,"60 ml, $2.15/100ml",Easy Meals & Sides,/p/21383866_EA
"Oriental Style Instant Noodles, Pork",$0.49 ,$0.75 ,"60 g, $0.82/100g",Easy Meals & Sides,/p/20099117_EA
Potatoes Mashed Baby Reds,$1.99 ,$1.99 ,"116 g, $1.72/100g",Easy Meals & Sides,/p/21537100_EA
Premium Noodle Soup Spicy Pot-Au-Feu Flavour Black,$10.99 ,$10.99 ,"520 g, $2.11/100g",Easy Meals & Sides,/p/21504274_EA
Instant Noodles Mi Goreng Hot & Spicy 5 Packs X 80 G (),$2.88 ,$3.49 ,"5x425.0 g, $0.72/100g",Easy Meals & Sides,/p/21094981_EA
Hot Pot Soup Base Tomato,$4.99 ,$4.99 ,"200 g, $2.50/100g",Easy Meals & Sides,/p/21453957_EA
Vegetable Flavour Noodles in a Cup,$1.29 ,$1.29 ,"64 g, $2.02/100g",Easy Meals & Sides,/p/21097909_EA
Original Macaroni & Cheese,$6.29 ,$6.29 ,"900 g, $0.70/100g",Easy Meals & Sides,/p/20681161_EA
Instant Noodles Chicken Flavour,$2.49 ,$2.49 ,"62 g, $4.02/100g",Easy Meals & Sides,/p/21541945_EA
"Oven Baked Mac & Cheese, White Cheddar",$5.99 ,$5.99 ,"349 g, $1.72/100g",Easy Meals & Sides,/p/21237406_EA
Hamburger Helper Beef Taco,$2.79 ,$2.79 ,"210 g, $1.33/100g",Easy Meals & Sides,20315242017_EA
Cup-a-Soup instant noodles soup Chicken Noodle ,$2.29 ,$2.29 ,"58 g, $3.95/100g",Easy Meals & Sides,20314754003_EA
Hamburger Helper Cheeseburger Macaroni,$2.79 ,$2.79 ,"166 g, $1.68/100g",Easy Meals & Sides,20315242012_EA
Mac'n Cheese Pasta With Sauce 4 Cheesy Flavour,$1.99 ,$1.99 ,"170 g, $1.17/100g",Easy Meals & Sides,/p/21527242_EA
"Supreme Instant Noodles, Artificial Bone Marrow Flavour",$1.79 ,$1.99 ,"65 g, $2.75/100g",Easy Meals & Sides,20346533001_EA
Instant Pancit Canton Chow Mein,$3.49 ,$3.49 ,"360 g, $0.97/100g",Easy Meals & Sides,20689357001_EA
Soup Mix Onion No Artificial Colours Or Flavours,$2.29 ,$2.29 ,"55 g, $4.16/100g",Easy Meals & Sides,20297514006_EA
"Classic Soup Tomato Vegetable Dry Soup Mix, No Artificial Flavours & Low Fat",$2.29 ,$2.29 ,"145 g, $1.58/100g",Easy Meals & Sides,20308188002_EA
"Noodle Soup, Chicken Kimchi",$1.79 ,$1.79 ,"86 g, $2.08/100g",Easy Meals & Sides,20310996001_EA
Whole Wheat Couscous,$2.29 ,$2.29 ,"340 g, $0.67/100g",Easy Meals & Sides,20147076002_EA
Green Curry Paste,$3.49 ,$3.49 ,"400 g, $0.87/100g",Easy Meals & Sides,/p/20166356_EA
Instant Cup Noodles Mi Goreng Fried Noodles,$1.79 ,$1.99 ,"75 g, $2.39/100g",Easy Meals & Sides,/p/21094983_EA
Hamburger Helper Salisbury,$2.79 ,$2.79 ,"176 g, $1.59/100g",Easy Meals & Sides,20315242011_EA
Beef Broth,$2.79 ,$2.89 ,"150 g, $1.86/100g",Easy Meals & Sides,20323241001_EA
Gomtang Oriental Style Noodles with Soup Base Beef Flavour,$5.99 ,$5.99 ,"408 g, $1.47/100g",Easy Meals & Sides,/p/20994783_EA
Big Bowl Udon Noodle Soup,$2.19 ,$2.19 ,"114 g, $1.92/100g",Easy Meals & Sides,20139898002_EA
"Instant Pho Noodles Bowl, Chicken",$1.99 ,$1.99 ,"70 g, $2.84/100g",Easy Meals & Sides,20343897002_EA
"Bouillon Cubes, Chicken",$2.29 ,$2.49 ,"63 g, $3.63/100g",Easy Meals & Sides,/p/20935924_EA
Instant Noodles Original Flavour,$2.49 ,$2.49 ,"62 g, $4.02/100g",Easy Meals & Sides,/p/21541944_EA
"Bowl Noodles, Artificial Chicken Flavour",$2.29 ,$2.29 ,"118 g, $1.94/100g",Easy Meals & Sides,20305786002_EA
Noodles With Soup Mix Ansung Beef & Fermented Bean Flavours,$5.99 ,$5.99 ,"500 g, $1.20/100g",Easy Meals & Sides,/p/21504164_EA
Chicken Bouillon,$8.88 ,$10.99 ,"1 kg, $0.89/100g",Easy Meals & Sides,/p/20154074_EA
"Oven Baked Mac & Cheese, Cheddar Havarti",$5.99 ,$5.99 ,"349 g, $1.72/100g",Easy Meals & Sides,/p/21237403_EA
Stir Fried Noodle,$2.49 ,$2.59 ,"350 g, $0.71/100g",Easy Meals & Sides,/p/21377291_EA
Potatoes Mashed Roasted Garlic,$1.99 ,$1.99 ,"113 g, $1.76/100g",Easy Meals & Sides,/p/21537129_EA
"Oriental Style Instant Noodles, Chicken",$0.49 ,$0.75 ,"55 g, $0.89/100g",Easy Meals & Sides,/p/20214618_EA
Four Cheese Risotto,$2.99 ,$2.99 ,"170 g, $1.76/100g",Easy Meals & Sides,20311043002_EA
Minute Khana Dal Makhani Mild,$3.29 ,$3.29 ,"300 g, $1.10/100g",Easy Meals & Sides,/p/21446767_EA
Spinach Cottage Cheese Curry,$4.99 ,$4.99 ,"280 ml, $1.78/100ml",Easy Meals & Sides,20307206004_EA
Bhindi Masala Curry,$2.99 ,$2.99 ,"300 g, $1.00/100g",Easy Meals & Sides,20769717007_EA
"Bowl Noodle Soup, Hot & Spicy",$1.79 ,$1.99 ,"86 g, $2.08/100g",Easy Meals & Sides,20311560003_EA
"Ramen Noodle Soup, Original",$5.99 ,$6.49 ,"5x120.0 g, $1.00/100g",Easy Meals & Sides,p/21358949_C05
Soup Mix Chicken Noodle ,$2.29 ,$2.29 ,"71 g, $3.23/100g",Easy Meals & Sides,20297514004_EA
Mac'N Cheese Cheesy Jalapeño Pasta,$1.99 ,$1.99 ,"164 g, $1.21/100g",Easy Meals & Sides,/p/21390928_EA
Side Dishes Mexican Rice ,$2.29 ,$2.29 ,"133 g, $1.72/100g",Easy Meals & Sides,20321430032_EA
Soup Mix Chicken Noodle,$2.79 ,$2.79 ,"4x83.0 g, $0.84/100g",Easy Meals & Sides,/p/20026331_EA
Sidekicks Rice & Vermicelli Chicken Fried Rice,$2.29 ,$2.29 ,"133 g, $1.72/100g",Easy Meals & Sides,20321430024_EA
Couscous,$2.29 ,$2.29 ,"340 g, $0.67/100g",Easy Meals & Sides,20147076001_EA
Deluxe Velveeta & Shells,$4.79 ,$4.79 ,"350 g, $1.37/100g",Easy Meals & Sides,20311410001_EA
"Mashed Potatoes, Buttery Homestyle",$1.99 ,$1.99 ,"113 g, $1.76/100g",Easy Meals & Sides,/p/21537426_EA
"Instant Noodles, Chicken Flavour 5-Pack",$3.49 ,$3.99 ,"275 g, $1.27/100g",Easy Meals & Sides,/p/21417401_EA
"Scalloped Potatoes, Country Cut Cheddar",$2.79 ,$2.79 ,"142 g, $1.96/100g",Easy Meals & Sides,20296518004_EA
UNIF Pork Chop Stew Instant Noodles,$1.99 ,$1.99 ,"110 g, $1.81/100g",Easy Meals & Sides,20430820002_EA
"Bowl Noodle Soup, Beef Flavour",$1.49 ,$1.49 ,"86 g, $1.73/100g",Easy Meals & Sides,20594766002_EA
Tomato Rice Noodles,$4.99 ,$4.99 ,"306 g, $1.63/100g",Easy Meals & Sides,/p/21456670_EA
"Nongshim NeoGuri Ramen, Mild",$1.49 ,$1.49 ,"120 g, $1.24/100g",Easy Meals & Sides,/p/20310619_EA
Stirfried Kimchi Ramen ,$6.49 ,$6.49 ,"536 g, $1.21/100g",Easy Meals & Sides,/p/21373818_EA
Stirfried Kimchi Ramen King Noodle,$2.49 ,$2.49 ,"116 g, $2.15/100g",Easy Meals & Sides,/p/21373843_EA
King Cup Hot & Spicy Instant Noodles  ,$2.49 ,$2.49 ,"110 g, $2.26/100g",Easy Meals & Sides,20430847004_EA
Noodles With Soup Mix,$5.99 ,$5.99 ,"508 g, $1.18/100g",Easy Meals & Sides,/p/21503882_EA
"Cup Noodle, Oolongmen Chicken",$1.28 ,$1.59 ,"75 g, $1.71/100g",Easy Meals & Sides,20032441001_EA
Instant Noodle,$1.99 ,$1.99 ,"72 g, $2.76/100g",Easy Meals & Sides,/p/21418893_EA
Potato Noodle Soup Family Pack,$5.79 ,$5.79 ,"400 g, $1.45/100g",Easy Meals & Sides,/p/21444372_EA
"Instant Noodles, Curry",$3.59 ,$3.59 ,"395 g, $0.91/100g",Easy Meals & Sides,/p/21460368_EA
"Instant Pho Noodles Bowl, Beef",$1.99 ,$1.99 ,"70 g, $2.84/100g",Easy Meals & Sides,20343897001_EA
Pho Noodles,$0.99 ,$1.29 ,"70 g, $1.41/100g",Easy Meals & Sides,/p/21375744_EA
Instant Noodle With Soup Base Demae Ramen Black Garlic Oil And Artificial Pork Flavour,$4.99 ,$4.99 ,"500 g, $1.00/100g",Easy Meals & Sides,/p/21437173_EA
Shin Brand Gourmet Spicy Shin Light Ramyun Noodles With Soup Mix,$9.99 ,$9.99 ,"388 g, $2.57/100g",Easy Meals & Sides,/p/21334934_EA
Minestrone Soup Delicious Soup Mix  ,$2.29 ,$2.29 ,"83 g, $2.76/100g",Easy Meals & Sides,20297514003_EA
"Cup Noodle, Oolongmen Seafood",$1.28 ,$1.59 ,"75 g, $1.71/100g",Easy Meals & Sides,20032441004_EA
Kimchi Bowl Noodles,$1.79 ,$1.79 ,"86 g, $2.08/100g",Easy Meals & Sides,20298689002_EA
Thai Lemongrass Ramen Cups,$2.49 ,$2.49 ,"71 g, $3.51/100g",Easy Meals & Sides,/p/21448066_EA
Rice Noodle Thai Red Curry low fat,$2.79 ,$2.79 ,"69 g, $4.04/100g",Easy Meals & Sides,/p/21315413_EA
Tuna Helper-Au Gratin - Pasta Kit,$2.79 ,$2.79 ,"206 g, $1.35/100g",Easy Meals & Sides,20315242002_EA
Dinner Spicy Buffalo Macaroni & Cheese Snack Cup,$2.19 ,$2.19 ,"58 g, $3.78/100g",Easy Meals & Sides,/p/21435104_EA
Couscous,$8.99 ,$8.99 ,"1.8 kg, $0.50/100g",Easy Meals & Sides,/p/21077072_EA
"Rice Noodle Cup Japanese Miso Low Fat, Vegetarian",$2.79 ,$2.79 ,"81 g, $3.44/100g",Easy Meals & Sides,/p/21315411_EA
Japanese Style Udon-Katsuo Udon Noodles with Tempura Flakes,$3.99 ,$3.99 ,"220 g, $1.81/100g",Easy Meals & Sides,/p/21452013_EA
"Pho Noodle Soup, Beef",$1.99 ,$1.99 ,"115 g, $1.73/100g",Easy Meals & Sides,/p/20725621_EA
Instant Noodles Artificial Stewed Pork Chop Flavour 5 In 1,$5.99 ,$5.99 ,"525 g, $1.14/100g",Easy Meals & Sides,/p/21455120_EA
Cream of Mushroom Dry Soup Mix,$2.29 ,$2.29 ,"71 g, $3.23/100g",Easy Meals & Sides,20297514009_EA
Muttar Paneer ,$2.99 ,$2.99 ,"300 g, $1.00/100g",Easy Meals & Sides,20877484004_EA
Secret Instant Noodles Manchurian,$1.99 ,$2.29 ,"240 g, $0.83/100g",Easy Meals & Sides,/p/21182979_EA
Rajma Masala,$2.99 ,$2.99 ,"300 g, $1.00/100g",Easy Meals & Sides,20769717009_EA
Paneer Butter Masala,$2.99 ,$2.99 ,"300 g, $1.00/100g",Easy Meals & Sides,20769717010_EA
Mixed Veg Curry,$2.99 ,$2.99 ,"300 g, $1.00/100g",Easy Meals & Sides,20769717003_EA
Maple & Brown Sugar Flavour Instant Oatmeal,$3.49 ,$3.97 ,"344 g, $1.01/100g",Cereal & Breakfast,/p/21190254_EA
Instant Oatmeal 3 Flavour Variety Pack,$3.49 ,$3.97 ,"314 g, $1.11/100g",Cereal & Breakfast,/p/21190260_EA
Apples & Cinnamon Instant Oatmeal,$3.49 ,$3.97 ,"264 g, $1.32/100g",Cereal & Breakfast,/p/21190251_EA
Peaches & Cream Flavour Instant Oatmeal,$3.49 ,$3.97 ,"264 g, $1.32/100g",Cereal & Breakfast,/p/21190266_EA
"Honey Nut Cheerios Breakfast Cereal, Family Size, Whole Grains",$5.99 ,$5.99 ,"725 g, $0.83/100g",Cereal & Breakfast,/p/21103495_EA
Dino Eggs Instant Oatmeal,$3.49 ,$3.97 ,"304 g, $1.15/100g",Cereal & Breakfast,/p/20346597_EA
"Multi Grain Cheerios Breakfast Cereal, Family Size, Whole Grains",$5.99 ,$5.99 ,"585 g, $1.02/100g",Cereal & Breakfast,/p/21103503_EA
Rice Krispies Original,$5.97 ,$7.29 ,"560 g, $1.07/100g",Cereal & Breakfast,/p/21449784_EA
"Honey Nut Cheerios Breakfast Cereal, Whole Grains",$4.97 ,$4.97 ,"430 g, $1.16/100g",Cereal & Breakfast,/p/21104047_EA
"Cinnamon Toast Crunch Breakfast Cereal, Family Size, Whole Grains",$5.99 ,$5.99 ,"591 g, $1.01/100g",Cereal & Breakfast,/p/21103492_EA
Shreddies Original Cereals,$3.49 ,$3.49 ,"440 g, $0.79/100g",Cereal & Breakfast,/p/21427214_EA
"Original Cheerios Breakfast Cereal, Family Size, Whole Grains",$5.99 ,$5.99 ,"570 g, $1.05/100g",Cereal & Breakfast,/p/21103499_EA
Froot Loops Cereal,$4.99 ,$4.99 ,"345 g, $1.45/100g",Cereal & Breakfast,/p/20591279_EA
Honeycomb Cereal,$3.49 ,$3.49 ,"400 g, $0.87/100g",Cereal & Breakfast,/p/20299648_EA
Rice Krispies Cereal,$4.99 ,$4.99 ,"340 g, $1.47/100g",Cereal & Breakfast,/p/21450814_EA
Froot Loops,$5.97 ,$6.99 ,"480 g, $1.24/100g",Cereal & Breakfast,/p/21430738_EA
"Lucky Charms Breakfast Cereal with Marshmallows, Family Size, Whole Grains",$5.99 ,$5.99 ,"526 g, $1.14/100g",Cereal & Breakfast,/p/21103505_EA
Harvest Crunch Original Granola Cereal,$3.99 ,$3.99 ,"475 g, $0.84/100g",Cereal & Breakfast,/p/21219824_EA
Quick 100% Whole Grain Oats,$2.79 ,$2.79 ,"1 kg, $0.28/100g",Cereal & Breakfast,/p/20923828_EA
Corn Flakes Family Size,$5.97 ,$7.29 ,"600 g, $1.00/100g",Cereal & Breakfast,/p/21450811_EA
Honey Cereal,$3.49 ,$3.49 ,"440 g, $0.79/100g",Cereal & Breakfast,/p/21427201_EA
Frosted Flakes Cereal,$4.99 ,$4.99 ,"425 g, $1.17/100g",Cereal & Breakfast,/p/20842545_EA
"Original Cheerios Breakfast Cereal, Whole Grains",$4.97 ,$4.97 ,"350 g, $1.42/100g",Cereal & Breakfast,/p/21104173_EA
"Cinnamon Toast Crunch Breakfast Cereal, Whole Grains and Real Cinnamon",$4.97 ,$4.97 ,"354 g, $1.40/100g",Cereal & Breakfast,/p/21104055_EA
Pop Tarts Frosted Strawberry,$3.49 ,$3.49 ,"384 g, $0.91/100g",Cereal & Breakfast,/p/21290111_EA
Mini Wheat Frosted Cereal,$5.97 ,$6.99 ,"650 g, $0.92/100g",Cereal & Breakfast,/p/21430748_EA
Raisin Bran Family Size Cereal,$5.97 ,$7.29 ,"625 g, $0.96/100g",Cereal & Breakfast,/p/21430755_EA
Original Cereal Family Size   ,$6.29 ,$6.29 ,"725 g, $0.87/100g",Cereal & Breakfast,/p/20329521_EA
"Cinnamon Chex Breakfast Cereal, Gluten Free, Whole Grains",$4.97 ,$4.97 ,"345 g, $1.44/100g",Cereal & Breakfast,/p/20887566_EA
"Lucky Charms Breakfast Cereal with Marshmallows, Whole Grains",$4.97 ,$4.97 ,"300 g, $1.66/100g",Cereal & Breakfast,/p/21104054_EA
Extra-Fluffy Buttermilk Pancake & Waffle Mix,$3.99 ,$3.99 ,"905 g, $0.44/100g",Cereal & Breakfast,/p/20175129_EA
"Multi Grain Cheerios Breakfast Cereal, Whole Grains",$4.97 ,$4.97 ,"342 g, $1.45/100g",Cereal & Breakfast,/p/21104058_EA
Cheerios Cereal Apple Cinnamon Family Size,$5.99 ,$5.99 ,"778 g, $0.77/100g",Cereal & Breakfast,/p/21103509_EA
"Frosted Flakes Cereal, Family Size",$5.97 ,$7.29 ,"580 g, $1.03/100g",Cereal & Breakfast,/p/21449811_EA
Life Original Cereal,$3.99 ,$3.99 ,"450 g, $0.89/100g",Cereal & Breakfast,/p/20637355_EA
Quick Oats,$4.49 ,$4.49 ,"1 kg, $0.45/100g",Cereal & Breakfast,20323113001_EA
Spoon Size Shredded Wheat & Bran Cereal,$3.49 ,$3.49 ,"525 g, $0.66/100g",Cereal & Breakfast,/p/20751584_EA
Cereal,$4.99 ,$4.99 ,"340 g, $1.47/100g",Cereal & Breakfast,/p/21450851_EA
Krave Cereal Milk Chocolate,$5.97 ,$7.49 ,"525 g, $1.14/100g",Cereal & Breakfast,/p/21189978_EA
"Corn Pops Cereal, Family Size",$5.97 ,$6.99 ,"515 g, $1.16/100g",Cereal & Breakfast,/p/20054727_EA
"Protein Granola, Oats 'n Honey, Healthy Snack and Cereal",$4.99 ,$4.99 ,"310 g, $1.61/100g",Cereal & Breakfast,/p/20849323_EA
100% Whole Grain Large Flake Oats,$2.79 ,$2.79 ,"1 kg, $0.28/100g",Cereal & Breakfast,/p/20923994_EA
Vector Meal Replacement Cereal,$10.99 ,$10.99 ,"850 g, $1.29/100g",Cereal & Breakfast,/p/20072706_EA
Harvest Crunch Light & Crisp Honey & Nut Flavour Granola Cereal,$3.99 ,$3.99 ,"400 g, $1.00/100g",Cereal & Breakfast,/p/21239228_EA
Pop Tarts Frosted Smore   ,$3.49 ,$3.49 ,"384 g, $0.91/100g",Cereal & Breakfast,/p/21290106_EA
"Reese's Puffs Breakfast Cereal, Peanut Butter Chocolate, Family Size",$5.99 ,$5.99 ,"601 g, $1.00/100g",Cereal & Breakfast,/p/21103497_EA
100% Whole Grains Quick Oats,$3.99 ,$3.99 ,"1 kg, $0.40/100g",Cereal & Breakfast,/p/20893370_EA
Corn Pops Cereal,$4.99 ,$4.99 ,"320 g, $1.56/100g",Cereal & Breakfast,20647520001_EA
Shredded Wheat Big Biscuit Cereal,$3.49 ,$3.49 ,"425 g, $0.82/100g",Cereal & Breakfast,/p/20014409_EA
"Oatmeal Crisp Breakfast Cereal, Almond, High Fibre and Whole Grains",$4.97 ,$4.97 ,"437 g, $1.14/100g",Cereal & Breakfast,/p/21213662_EA
Sweetened Corn & Oat Cereal,$3.99 ,$3.99 ,"350 g, $1.14/100g",Cereal & Breakfast,/p/21082500_EA
All-Bran Buds Cereal,$5.97 ,$7.99 ,"500 g, $1.19/100g",Cereal & Breakfast,/p/20016844_EA
Maple & Brown Sugar Flavour Instant Oatmeal,$6.99 ,$6.99 ,"774 g, $0.90/100g",Cereal & Breakfast,/p/20638159_EA
Original Extra-Fluffy Pancake And Waffle Mix,$3.99 ,$3.99 ,"905 g, $0.44/100g",Cereal & Breakfast,/p/20318589_EA
Wheat Germ,$3.49 ,$3.49 ,"375 g, $0.93/100g",Cereal & Breakfast,/p/20744485_EA
Crepe Mix Plain,$6.29 ,$6.29 ,"700 g, $0.90/100g",Cereal & Breakfast,/p/21456024_EA
"Cream Of Wheat, Instant Original",$3.79 ,$3.79 ,"336 g, $1.13/100g",Cereal & Breakfast,/p/20698130_EA
Blueberry Flax Granola ,$5.99 ,$5.99 ,"340 g, $1.76/100g",Cereal & Breakfast,/p/21430839_EA
Strawberry Bites,$6.49 ,$6.49 ,"400 g, $1.62/100g",Cereal & Breakfast,/p/21352935_EA
Dino Eggs Instant Oatmeal,$3.49 ,$3.97 ,"304 g, $1.15/100g",Cereal & Breakfast,/p/20346597_EA
"Reese's Puffs Breakfast Cereal, Peanut Butter Chocolate, Jumbo Size",$8.99 ,$9.99 ,"884 g, $1.02/100g",Cereal & Breakfast,/p/21371196_EA
High Protein Apples & Cinnamon Instant Oatmeal,$4.79 ,$4.79 ,"228 g, $2.10/100g",Cereal & Breakfast,/p/21550131_EA
"Quick 100% Whole Grain Oats, Club Size",$5.99 ,$5.99 ,"2.25 kg, $0.27/100g",Cereal & Breakfast,/p/20923786_EA
Protein Pancake & Waffle Mix Vanilla,$9.49 ,$9.49 ,"430 g, $2.21/100g",Cereal & Breakfast,/p/21375777_EA
Cashew & Almond Muesli,$5.99 ,$5.99 ,"540 g, $1.11/100g",Cereal & Breakfast,20655097002_EA
Granola,$3.79 ,$3.99 ,"475 g, $0.80/100g",Cereal & Breakfast,/p/21315327_EA
Buttermilk Protein Pancake,$3.99 ,$3.99 ,"340 g, $1.17/100g",Cereal & Breakfast,/p/21018407_EA
Cereal Special Edition Cinnamon Pecan,$5.99 ,$5.99 ,"343 g, $1.75/100g",Cereal & Breakfast,/p/21504051_EA
Sugar Crisp Cereal    ,$3.49 ,$3.49 ,"365 g, $0.96/100g",Cereal & Breakfast,20071915001_EA
Instant Oatmeal Lightly Sweetened Maple & Brown Sugar,$3.49 ,$3.97 ,"304 g, $1.15/100g",Cereal & Breakfast,/p/21400446_EA
Pop Tarts Frosted Choclate,$3.49 ,$3.49 ,"384 g, $0.91/100g",Cereal & Breakfast,/p/21290084_EA
Life Multigrains Cereal,$3.99 ,$4.99 ,"425 g, $0.94/100g",Cereal & Breakfast,/p/20638253_EA
Original Goji Omega Boost Oatmeal,$4.79 ,$4.79 ,"1 kg, $0.48/100g",Cereal & Breakfast,/p/21413606_EA
All-Natural Puffed Wheat Cereal,$6.79 ,$6.79 ,"400 g, $1.70/100g",Cereal & Breakfast,/p/20049139_EA
"Instant Oatmeal, Variety Pack, 8 Pack",$3.79 ,$3.79 ,"314 g, $1.21/100g",Cereal & Breakfast,/p/21505117_EA
"Mini-Wheats Cereal, Original",$5.99 ,$5.99 ,"510 g, $1.17/100g",Cereal & Breakfast,/p/20545264_EA
Cereal Original Muesli,$3.99 ,$3.99 ,"450 g, $0.89/100g",Cereal & Breakfast,/p/21344977_EA
"Nature Valley Protein Granola, Oats 'n Honey, Family Size",$7.49 ,$7.49 ,"481 g, $1.56/100g",Cereal & Breakfast,/p/21499405_EA
High Protein Maple & Brown Sugar Flavour Instant Oatmeal,$4.79 ,$4.79 ,"228 g, $2.10/100g",Cereal & Breakfast,/p/21550068_EA
Apples & Cinnamon Instant Oatmeal,$6.99 ,$6.99 ,"594 g, $1.18/100g",Cereal & Breakfast,/p/20640247_EA
Count Chocula Cereal,$3.49 ,$3.49 ,"295 g, $1.18/100g",Cereal & Breakfast,/p/20776715_EA
Quaker Quick Oats,$14.49 ,$14.49 ,"5.16 kg, $0.28/100g",Cereal & Breakfast,p/21294986_C01
Instant Oatmeal Flavour Variety Family Size,$6.99 ,$6.99 ,"694 g, $1.01/100g",Cereal & Breakfast,/p/21520660_EA
Apple Cinnamon Flavour Protein Pancake Mix,$3.99 ,$3.99 ,"340 g, $1.17/100g",Cereal & Breakfast,/p/21014687_EA
"Oatmeal Crisp Breakfast Cereal, Maple Nut, High Fibre and Whole Grains",$4.97 ,$4.97 ,"423 g, $1.17/100g",Cereal & Breakfast,/p/21213666_EA
Trix Fruity Shapes Cereal,$4.97 ,$4.97 ,"303 g, $1.64/100g",Cereal & Breakfast,/p/21174141_EA
French Toast Crunch Cereal,$4.97 ,$4.97 ,"380 g, $1.31/100g",Cereal & Breakfast,/p/20318643_EA
"Strawberry Banana Breakfast Cereal, Whole Grains",$4.97 ,$4.97 ,"317 g, $1.57/100g",Cereal & Breakfast,/p/21448369_EA
"Apple Cinnamon Cheerios Breakfast Cereal, Whole Grains",$4.97 ,$4.97 ,"420 g, $1.18/100g",Cereal & Breakfast,/p/21378923_EA
Complete Original Pancake & Waffle Mix,$3.99 ,$3.99 ,"905 g, $0.44/100g",Cereal & Breakfast,/p/21384609_EA
Quick Oats,$7.49 ,$7.49 ,"2.25 kg, $0.33/100g",Cereal & Breakfast,/p/20053840_EA
Cranberry Almond Crunch,$5.49 ,$5.49 ,"475 g, $1.16/100g",Cereal & Breakfast,/p/20313066_EA
Cranberry & Coconut Muesli,$5.99 ,$5.99 ,"540 g, $1.11/100g",Cereal & Breakfast,20655097003_EA
Regular Steel Cut Oats,$3.99 ,$3.99 ,"360 g, $1.11/100g",Cereal & Breakfast,/p/20943962_EA
"Post, Spoon Size Shredded Wheat Original",$3.49 ,$3.49 ,"525 g, $0.66/100g",Cereal & Breakfast,/p/20751615_EA
Cereal Brownie Flavour,$4.99 ,$4.99 ,"298 g, $1.67/100g",Cereal & Breakfast,/p/21504057_EA
Poptarts Jumbo Pastries,$10.49 ,$10.49 ,"1152 g, $0.91/100g",Cereal & Breakfast,/p/21295127_EA
Vector Meal Replacement Cereal,$5.99 ,$5.99 ,"400 g, $1.50/100g",Cereal & Breakfast,/p/20015041_EA
Tim Hortons Chocolate Glazed Family Size Flavoured Cereal,$5.99 ,$5.99 ,"482 g, $1.24/100g",Cereal & Breakfast,/p/21308123_EA
"Mini-Wheats Cereal, Brown Sugar Flavour Jumbo Size",$10.99 ,$10.99 ,"1200 g, $0.92/100g",Cereal & Breakfast,/p/21007567_EA
Vector Meal Replacement Cereal,$5.99 ,$5.99 ,"400 g, $1.50/100g",Cereal & Breakfast,/p/20015041_EA
Regular Family Size Instant Oatmeal,$6.99 ,$6.99 ,"504 g, $1.39/100g",Cereal & Breakfast,/p/21400447_EA
Wheat Bran,$3.49 ,$3.49 ,"450 g, $0.78/100g",Cereal & Breakfast,/p/20744484_EA
Chocolate Almond Special Edition Cereal,$5.99 ,$5.99 ,"377 g, $1.59/100g",Cereal & Breakfast,/p/21421654_EA
3 Minute Original,$4.49 ,$4.49 ,"800 g, $0.56/100g",Cereal & Breakfast,/p/20698221_EA
Poptarts Jumbo Pastries,$10.49 ,$10.49 ,"1152 g, $0.91/100g",Cereal & Breakfast,/p/21295127_EA
Regular Steel Cut Oats,$3.99 ,$3.99 ,"360 g, $1.11/100g",Cereal & Breakfast,/p/20943962_EA
One Minute 100% Whole Grain Oats,$2.79 ,$2.79 ,"900 g, $0.31/100g",Cereal & Breakfast,/p/20923942_EA
Oatmeal Squares Maple & Brown Sugar flavour cereal,$3.99 ,$4.99 ,"500 g, $0.80/100g",Cereal & Breakfast,20150259002_EA
Fun Pac Cereal,$6.29 ,$6.29 ,"210 g, $3.00/100g",Cereal & Breakfast,/p/20067427_EA
"Lucky Charms Breakfast Cereal with Marshmallows, Jumbo Size, Whole Grains",$8.99 ,$9.99 ,"825 g, $1.09/100g",Cereal & Breakfast,/p/21347072_EA
Special K Original Cereal,$5.99 ,$5.99 ,"435 g, $1.38/100g",Cereal & Breakfast,/p/20793624_EA
"Cheerios Oat Crunch Breakfast Cereal, Cinnamon, Family Size",$5.99 ,$5.99 ,"516 g, $1.16/100g",Cereal & Breakfast,/p/21283263_EA
Pop Tarts Frosted Raspberry,$3.49 ,$3.49 ,"384 g, $0.91/100g",Cereal & Breakfast,/p/21290059_EA
"Instant Oatmeal, Peaches and Cream, 8 Servings",$3.79 ,$3.79 ,"264 g, $1.44/100g",Cereal & Breakfast,/p/21506332_EA
"Fibre One Breakfast Cereal, Crunchy Original, High Fibre and Whole Grains",$5.99 ,$5.99 ,"587 g, $1.02/100g",Cereal & Breakfast,/p/21411449_EA
With Almonds Cereal,$3.49 ,$3.49 ,"340 g, $1.03/100g",Cereal & Breakfast,/p/21427197_EA
Harvest Crunch Light & Crisp Raisin Almond Granola Cereal,$3.99 ,$3.99 ,"425 g, $0.94/100g",Cereal & Breakfast,/p/21219816_EA
Granola Honey Nut,$3.99 ,$3.99 ,"400 g, $1.00/100g",Cereal & Breakfast,/p/21315326_EA
Blue Menu Maple and Brown Sugar Flavour Supergrains Oatmeal,$3.99 ,$3.99 ,"12x304.0 g, $0.11/100g",Cereal & Breakfast,/p/21004695_EA
Old-Fashioned Pancake Mix,$2.99 ,$2.99 ,"905 g, $0.33/100g",Cereal & Breakfast,/p/20322949_EA
"Oatmeal Crisp Breakfast Cereal, Triple Berry, High Fibre and Whole Grains",$4.97 ,$4.97 ,"399 g, $1.25/100g",Cereal & Breakfast,/p/21213668_EA
"Cheerios, Vanilla Spice, Made with Real Cinnamon",$4.97 ,$4.97 ,"342 g, $1.45/100g",Cereal & Breakfast,/p/21541027_EA
Harvest Crunch Raisin & Almond Granola Cereal,$3.99 ,$3.99 ,"510 g, $0.78/100g",Cereal & Breakfast,/p/21219817_EA
Whole Grain Cereal    ,$3.49 ,$3.49 ,"400 g, $0.87/100g",Cereal & Breakfast,/p/20184626_EA
Cap'N Crunch Peanut Butter,$3.99 ,$4.99 ,"325 g, $1.23/100g",Cereal & Breakfast,/p/21466718_EA
Instant Oatmeal 3 Flavour Variety Pack,$3.49 ,$3.97 ,"314 g, $1.11/100g",Cereal & Breakfast,/p/21190260_EA
Crepe Mix Chocolate,$6.29 ,$6.29 ,"700 g, $0.90/100g",Cereal & Breakfast,/p/21456016_EA
100% Whole Grains Minute Oats,$3.99 ,$3.99 ,"1 kg, $0.40/100g",Cereal & Breakfast,/p/20894131_EA
Apple Jacks Cereal,$4.99 ,$4.99 ,"345 g, $1.45/100g",Cereal & Breakfast,/p/21243973_EA
"Cheerios Oat Crunch, Almond, Family Size ",$5.99 ,$5.99 ,"515 g, $1.16/100g",Cereal & Breakfast,/p/21371214_EA
Brown Sugar Flavour Family Size Cereal,$5.97 ,$6.99 ,"650 g, $0.92/100g",Cereal & Breakfast,/p/21430741_EA
Oats & Honey Cereal,$5.99 ,$5.99 ,"451 g, $1.33/100g",Cereal & Breakfast,/p/21421636_EA
"Nature Valley Protein Granola, Oats 'n Dark Chocolate, Healthy Snack and Cereal",$4.99 ,$4.99 ,"311.84 g, $1.60/100g",Cereal & Breakfast,/p/21342102_EA
"Froot Loops Cereal, Jumbo Size",$10.49 ,$10.49 ,"825 g, $1.27/100g",Cereal & Breakfast,/p/20591235_EA
Cereal Maple Muesli,$3.99 ,$3.99 ,"450 g, $0.89/100g",Cereal & Breakfast,/p/21344976_EA
High Protein Triple Berry Instant Oatmeal,$4.79 ,$4.79 ,"228 g, $2.10/100g",Cereal & Breakfast,/p/21550071_EA
"Cream Of Wheat, Instant Whole Grain",$3.79 ,$3.79 ,"360 g, $1.05/100g",Cereal & Breakfast,/p/20589282_EA
Apples and Cinnamon Instant Oatmeal,$3.79 ,$3.79 ,"264 g, $1.44/100g",Cereal & Breakfast,/p/21506334_EA
Harvest Crunch Apple Crumble Granola Cereal,$3.99 ,$3.99 ,"470 g, $0.85/100g",Cereal & Breakfast,/p/21219815_EA
Tim Hortons Flavoured Cereal Chocolate Glazed,$3.49 ,$3.49 ,"326 g, $1.07/100g",Cereal & Breakfast,/p/21218454_EA
All-Bran Original Cereal,$5.99 ,$5.99 ,"525 g, $1.14/100g",Cereal & Breakfast,/p/20841177_EA
Instant Oatmeal High Protein Regular,$4.79 ,$4.79 ,"168 g, $2.85/100g",Cereal & Breakfast,/p/21515952_EA
"Corn Pops Cereal, Jumbo Size",$10.49 ,$10.49 ,"730 g, $1.44/100g",Cereal & Breakfast,/p/20591221_EA
"Oreo O’s® Cereal, Family Size",$5.99 ,$5.99 ,"453 g, $1.32/100g",Cereal & Breakfast,/p/21354982_EA
Fruity Pebbles Cereal,$3.49 ,$3.49 ,"311 g, $1.12/100g",Cereal & Breakfast,/p/21430842_EA
Protein & Chocolate Granola Boost Cereal,$4.99 ,$4.99 ,"325 g, $1.54/100g",Cereal & Breakfast,20631288004_EA
Strawberry Cereals,$3.49 ,$3.49 ,"311 g, $1.12/100g",Cereal & Breakfast,/p/21427181_EA
Protein Pancake & Waffle Mix Chocolate,$9.49 ,$9.49 ,"430 g, $2.21/100g",Cereal & Breakfast,/p/21375779_EA
"Instant Oatmeal, Cinnamon & Spice, 8 Servings",$3.79 ,$3.79 ,"304 g, $1.25/100g",Cereal & Breakfast,/p/21505067_EA
Harvest Crunch Original Granola Cereal,$11.99 ,$11.99 ,"1.4 kg, $0.86/100g",Cereal & Breakfast,/p/21221452_EA
"Instant Oatmeal, Maple & Brown Sugar",$3.79 ,$3.79 ,"344 g, $1.10/100g",Cereal & Breakfast,/p/21505150_EA
Honey Nut Oat Os Cereal,$7.49 ,$7.49 ,"725 g, $1.03/100g",Cereal & Breakfast,/p/21209752_EA
All-Bran Flakes Cereal,$5.99 ,$5.99 ,"450 g, $1.33/100g",Cereal & Breakfast,/p/20816418_EA
Cereal Blueberry Flavour Special Edition ,$5.99 ,$5.99 ,"439 g, $1.36/100g",Cereal & Breakfast,/p/21378915_EA
Hot Cereal Gluten Free,$3.79 ,$3.79 ,"397 g, $0.95/100g",Cereal & Breakfast,/p/21479616_EA
Cinnamon Toast Crunch Minis,$4.97 ,$4.97 ,"349 g, $1.43/100g",Cereal & Breakfast,/p/21541020_EA
"Cinnamon Toast Crunch Churros Breakfast Cereal, Whole Grains",$4.97 ,$4.97 ,"337 g, $1.47/100g",Cereal & Breakfast,/p/21279936_EA
Strawberry Special Edition Cereal,$5.99 ,$5.99 ,"439 g, $1.36/100g",Cereal & Breakfast,/p/21449307_EA
Tim Hortons Naturally Flavoured Cereal Apple Fritter,$3.49 ,$3.49 ,"354 g, $0.99/100g",Cereal & Breakfast,/p/21513493_EA
Elf on the Shelf,$5.99 ,$5.99 ,"346 g, $1.73/100g",Cereal & Breakfast,/p/21209746_EA
Harvest Crunch Canadian Maple Granola Cereal,$3.99 ,$3.99 ,"475 g, $0.84/100g",Cereal & Breakfast,/p/21294699_EA
"100% Whole Grain Large Flake Oats, Club Pack",$5.99 ,$5.99 ,"2.25 kg, $0.27/100g",Cereal & Breakfast,/p/20923840_EA
Corn Squares Cereal,$3.99 ,$4.99 ,"375 g, $1.06/100g",Cereal & Breakfast,/p/20637403_EA
Whole Grain Pancake And Waffle Mix,$3.99 ,$3.99 ,"905 g, $0.44/100g",Cereal & Breakfast,/p/20344214_EA
"Nesquik Chocolate Breakfast Cereal, Jumbo Size",$8.99 ,$9.99 ,"900 g, $1.00/100g",Cereal & Breakfast,/p/21214413_EA
Instant Oatmeal Flavour Variety Value Size,$19.99 ,$19.99 ,"1.54 kg, $1.30/100g",Cereal & Breakfast,p/21524549_C01
"Special K Red Berries Cereal, Jumbo",$10.99 ,$10.99 ,"700 g, $1.57/100g",Cereal & Breakfast,/p/20036772_EA
Cheerios Cereal Pumpkin Spice,$3.49 ,$3.49 ,"306 g, $1.14/100g",Cereal & Breakfast,/p/21114731_EA
"Oatmeal Crisp Breakfast Cereal, Maple Nut, Family Size, High Fibre",$5.99 ,$5.99 ,"619 g, $0.97/100g",Cereal & Breakfast,/p/21213658_EA
Two Scoops Raisin Bran Cereal,$5.99 ,$5.99 ,"425 g, $1.41/100g",Cereal & Breakfast,/p/20842855_EA
Cap'n Crunch's Holiday Crunch cereal ,$4.99 ,$4.99 ,"360 g, $1.39/100g",Cereal & Breakfast,/p/21336450_EA
Oreo O’s® Cereal,$3.49 ,$3.49 ,"311 g, $1.12/100g",Cereal & Breakfast,/p/21085840_EA
Shreddies Cereal Original Jumbo,$9.99 ,$9.99 ,"1.24 kg, $0.81/100g",Cereal & Breakfast,/p/21201395_EA
"Cheerios Oat Crunch Breakfast Cereal, Oats 'N Honey, Family Size",$5.99 ,$5.99 ,"516 g, $1.16/100g",Cereal & Breakfast,/p/21283257_EA
Cereal Honey Flavour Special Edition,$5.99 ,$5.99 ,"405 g, $1.48/100g",Cereal & Breakfast,/p/21538785_EA
"Porridge Oats, Original Blend",$5.49 ,$5.49 ,"1 kg, $0.55/100g",Cereal & Breakfast,/p/20717030_EA
Pancake & Waffle Mix Blueberry Keto,$12.99 ,$12.99 ,"283 g, $4.59/100g",Cereal & Breakfast,/p/21422434_EA
"Mini-Wheats Cereal, Brown Sugar Flavour",$5.99 ,$5.99 ,"510 g, $1.17/100g",Cereal & Breakfast,/p/20544553_EA
Cereal Cranberry Almond Crunch Jumbo,$15.49 ,$15.49 ,"1.1 kg, $1.41/100g",Cereal & Breakfast,/p/21542453_EA
"Original Cheerios Breakfast Cereal, Jumbo Size, Whole Grains",$8.99 ,$9.99 ,"1000 g, $0.90/100g",Cereal & Breakfast,/p/20681872_EA
Omega 3 Granola,$3.79 ,$3.99 ,"400 g, $0.95/100g",Cereal & Breakfast,/p/21315336_EA
Cheerios Cereal Multi Grain Jumbo,$8.99 ,$9.99 ,"1010 g, $0.89/100g",Cereal & Breakfast,/p/20679863_EA
Quick Cook Steel Cut Oats,$4.49 ,$4.49 ,"709 g, $0.63/100g",Cereal & Breakfast,/p/20939060_EA
Super Grains Hot Cereal,$4.79 ,$4.79 ,"512 g, $0.94/100g",Cereal & Breakfast,/p/21037238_EA
Frosted Flakes Cereal,$5.99 ,$5.99 ,"650 g, $0.92/100g",Cereal & Breakfast,/p/21209747_EA
"Fibre One Breakfast Cereal, Honey Clusters, High Fibre and Whole Grains",$5.99 ,$5.99 ,"475 g, $1.26/100g",Cereal & Breakfast,/p/21411450_EA
Bran Flakes Cereal,$7.99 ,$7.99 ,"775 g, $1.03/100g",Cereal & Breakfast,/p/20135878_EA
"Porridge Oats, Ancient Grain Blend",$5.49 ,$5.49 ,"750 g, $0.73/100g",Cereal & Breakfast,/p/20718427_EA
Crunch Original Cereal,$11.49 ,$11.49 ,"1.05 kg, $1.09/100g",Cereal & Breakfast,/p/20118384_EA
All-Bran Buds Cereal,$11.99 ,$11.99 ,"1050 g, $1.14/100g",Cereal & Breakfast,/p/20093987_EA
Protein Pancake & Waffle Mix Buttermilk,$9.49 ,$9.49 ,"430 g, $2.21/100g",Cereal & Breakfast,/p/21375781_EA
"Nesquik Chocolate Breakfast Cereal, Family Size, Whole Grains",$5.99 ,$5.99 ,"600 g, $1.00/100g",Cereal & Breakfast,20432217004_EA
Confetti Cake Bites,$6.49 ,$6.49 ,"400 g, $1.62/100g",Cereal & Breakfast,/p/21352933_EA
100% Whole Grains Large Flake Oats,$3.99 ,$3.99 ,"1 kg, $0.40/100g",Cereal & Breakfast,/p/20893369_EA
Honey Bunches Of Oat With Almonds Jumbo Box,$10.99 ,$10.99 ,"1.2 kg, $0.92/100g",Cereal & Breakfast,/p/20171349_EA
Cheerios Cereal Multi Grain Jumbo,$8.99 ,$9.99 ,"1010 g, $0.89/100g",Cereal & Breakfast,/p/20679863_EA
Cereal Cranberry Almond Crunch Jumbo,$15.49 ,$15.49 ,"1.1 kg, $1.41/100g",Cereal & Breakfast,/p/21542453_EA
"Original Cheerios Breakfast Cereal, Jumbo Size, Whole Grains",$8.99 ,$9.99 ,"1000 g, $0.90/100g",Cereal & Breakfast,/p/20681872_EA
Protein Pancake & Waffle Mix Buttermilk,$9.49 ,$9.49 ,"430 g, $2.21/100g",Cereal & Breakfast,/p/21375781_EA
"Nesquik Chocolate Breakfast Cereal, Whole Grains and Fibre",$4.97 ,$4.97 ,"340 g, $1.46/100g",Cereal & Breakfast,/p/20313716_EA
"Corn Chex Breakfast Cereal, Gluten Free, Whole Grains, 340 g",$4.97 ,$4.97 ,"340 g, $1.46/100g",Cereal & Breakfast,/p/21499403_EA
"Rice Chex, Gluten Free",$4.97 ,$4.97 ,"340 g, $1.46/100g",Cereal & Breakfast,/p/21535225_EA
Buttermilk Pancake & Waffle Mix,$3.99 ,$3.99 ,"905 g, $0.44/100g",Cereal & Breakfast,/p/21384600_EA
Rice Krispies Cinnamon Cereal,$4.99 ,$4.99 ,"320 g, $1.56/100g",Cereal & Breakfast,/p/21427413_EA
Regular Instant Oatmeal,$3.79 ,$3.79 ,"280 g, $1.35/100g",Cereal & Breakfast,/p/21505058_EA
Original Pancake & Waffle Mix,$3.99 ,$3.99 ,"905 g, $0.44/100g",Cereal & Breakfast,/p/21384618_EA
100% Whole Grain Steel Cut Oats,$4.49 ,$4.49 ,"840 g, $0.53/100g",Cereal & Breakfast,/p/20703868_EA
Frosted Flakes,$10.49 ,$10.49 ,"1.06 kg, $0.99/100g",Cereal & Breakfast,/p/20841152_EA
Apples & Cinnamon Instant Oatmeal,$3.49 ,$3.97 ,"264 g, $1.32/100g",Cereal & Breakfast,/p/21190251_EA
Loads Of Raisins Raisin Bran Cereal,$5.99 ,$5.99 ,"625 g, $0.96/100g",Cereal & Breakfast,/p/20775732_EA
Toasted Oat Os Cereal,$5.99 ,$5.99 ,"570 g, $1.05/100g",Cereal & Breakfast,/p/21209751_EA
Pure Maple Shaker Pancakes ,$2.99 ,$2.99 ,"150 g, $1.99/100g",Cereal & Breakfast,/p/21379243_EA
S’mores Instant Oatmeal,$3.49 ,$3.97 ,"280 g, $1.25/100g",Cereal & Breakfast,/p/21481896_EA
Chips Ahoy,$3.49 ,$3.49 ,"340 g, $1.03/100g",Cereal & Breakfast,/p/21354984_EA
Bisquick Pancake and Baking Mix,$4.79 ,$4.79 ,"1130 g, $0.42/100g",Cereal & Breakfast,/p/21520994_EA
Buttermilk Complete Pancake Mix,$3.99 ,$3.99 ,"905 g, $0.44/100g",Cereal & Breakfast,/p/21384573_EA
Special K Red Berries Cereal,$5.99 ,$5.99 ,"320 g, $1.87/100g",Cereal & Breakfast,/p/20647161_EA
"Oatmeal Crisp Breakfast Cereal, Almond, Family Size, High Fibre",$5.99 ,$5.99 ,"628 g, $0.95/100g",Cereal & Breakfast,/p/21213664_EA
Protein Pancake & Waffle Mix,$9.49 ,$9.49 ,"430 g, $2.21/100g",Cereal & Breakfast,/p/21421946_EA
Banana Nut Omega 3 Granola Boost Cereal,$4.99 ,$4.99 ,"325 g, $1.54/100g",Cereal & Breakfast,20631288002_EA
Vector Cereal Maple Crunch,$5.99 ,$5.99 ,"306 g, $1.96/100g",Cereal & Breakfast,/p/21350317_EA
Cereal Family Size Red Berries,$5.97 ,$6.99 ,"480 g, $1.24/100g",Cereal & Breakfast,/p/21504106_EA
Cereal Apple Cinnamon Crunch,$5.99 ,$5.99 ,"306 g, $1.96/100g",Cereal & Breakfast,/p/21504029_EA
Golden Grahams Crunch Cereal,$4.97 ,$4.97 ,"331 g, $1.50/100g",Cereal & Breakfast,/p/21104051_EA
Plant Based Pancake Mix Original,$5.49 ,$5.49 ,"400 g, $1.37/100g",Cereal & Breakfast,/p/21351728_EA
Crispix Cereal,$5.99 ,$5.99 ,"350 g, $1.71/100g",Cereal & Breakfast,/p/21430734_EA
Honey Bunches Of Oat Honey Roasted Cereal,$3.49 ,$3.49 ,"340 g, $1.03/100g",Cereal & Breakfast,/p/21427173_EA
"Honey Nut Cheerios Breakfast Cereal, Jumbo  Size, Whole Grains",$8.99 ,$9.99 ,"1300 g, $0.69/100g",Cereal & Breakfast,/p/20679390_EA
One Minute Oats,$4.49 ,$4.49 ,"900 g, $0.50/100g",Cereal & Breakfast,20323113003_EA
"Mini Wheats Minis Cereal, Original",$5.99 ,$5.99 ,"451 g, $1.33/100g",Cereal & Breakfast,/p/21538795_EA
Quick Oats,$3.49 ,$3.49 ,"1000 g, $0.35/100g",Cereal & Breakfast,/p/20876242_EA
Special K Vanilla Almond Cereal,$5.99 ,$5.99 ,"355 g, $1.69/100g",Cereal & Breakfast,/p/20695732_EA
Regular Instant Oatmeal,$3.49 ,$3.97 ,"280 g, $1.25/100g",Cereal & Breakfast,/p/21190265_EA
"Harvest Crunch Light & Crisp Honey Nut Flavour Granola Cereal, Value Size",$11.99 ,$11.99 ,"1.2 kg, $1.00/100g",Cereal & Breakfast,/p/21430822_EA
"Oatmeal Crisp Breakfast Cereal, Triple Berry, Family Size",$5.99 ,$5.99 ,"570 g, $1.05/100g",Cereal & Breakfast,/p/21213661_EA
Cocoa Pebbles,$3.49 ,$3.49 ,"311 g, $1.12/100g",Cereal & Breakfast,/p/21430840_EA
Original Granola Cereal,$3.99 ,$3.99 ,"475 g, $0.84/100g",Cereal & Breakfast,/p/21315332_EA
Two Scoops Raisin Bran Cereal,$10.99 ,$10.99 ,"1.15 kg, $0.96/100g",Cereal & Breakfast,/p/20815737_EA
Maple & Brown Sugar Steel Cut Oats,$3.99 ,$3.99 ,"360 g, $1.11/100g",Cereal & Breakfast,/p/20943950_EA
Sugar Crisp Family Size,$5.99 ,$5.99 ,"550 g, $1.09/100g",Cereal & Breakfast,/p/20305607_EA
Family Size Honey,$6.29 ,$6.29 ,"710 g, $0.89/100g",Cereal & Breakfast,/p/20546650_EA
Crispy Rice Cereal,$5.49 ,$5.49 ,"640 g, $0.86/100g",Cereal & Breakfast,/p/20781434_EA
Muesli Original Recipe    ,$5.79 ,$5.79 ,"650 g, $0.89/100g",Cereal & Breakfast,/p/20124036_EA
Cocoa Pebbles,$3.49 ,$3.49 ,"311 g, $1.12/100g",Cereal & Breakfast,/p/21430840_EA
Original Granola Cereal,$3.99 ,$3.99 ,"475 g, $0.84/100g",Cereal & Breakfast,/p/21315332_EA
Oven-Toasted Rice Grain Cereal Holiday Edition,$5.99 ,$5.99 ,"340 g, $1.76/100g",Cereal & Breakfast,/p/21307252_EA
Booberry Cereal,$3.49 ,$3.49 ,"270 g, $1.29/100g",Cereal & Breakfast,/p/20896556_EA
Blue Menu Regular Supergrains Oatmeal,$3.99 ,$3.99 ,"304 g, $1.31/100g",Cereal & Breakfast,/p/21000529_EA
"Honey Bunches of Oats, Roasted Honey",$6.49 ,$6.49 ,"625 g, $1.04/100g",Cereal & Breakfast,/p/20940327_EA
"Oatmeal Crisp Breakfast Cereal, Almond, Jumbo Size, High Fibre",$8.99 ,$9.99 ,"1150 g, $0.78/100g",Cereal & Breakfast,/p/21499409_EA
Family Size Honey,$6.29 ,$6.29 ,"710 g, $0.89/100g",Cereal & Breakfast,/p/20546650_EA
Crispy Rice Cereal,$5.49 ,$5.49 ,"640 g, $0.86/100g",Cereal & Breakfast,/p/20781434_EA
Muesli Original Recipe    ,$5.79 ,$5.79 ,"650 g, $0.89/100g",Cereal & Breakfast,/p/20124036_EA
Fibre First Multi-Bran Cereal,$6.49 ,$6.49 ,"525 g, $1.24/100g",Cereal & Breakfast,/p/20324394_EA
Muesli No Sugar Added   ,$5.79 ,$5.79 ,"650 g, $0.89/100g",Cereal & Breakfast,/p/20551901_EA
Sugar Cookie Toast Crunch Cereal,$4.97 ,$4.97 ,"340 g, $1.46/100g",Cereal & Breakfast,/p/21125390_EA
"Instant Oatmeal, Cookies 'N Crème",$4.79 ,$4.79 ,"304 g, $1.58/100g",Cereal & Breakfast,/p/21550066_EA
"Honey Bunches Of Oat Oats, Honey & Almonds Granola",$5.99 ,$5.99 ,"368 g, $1.63/100g",Cereal & Breakfast,/p/21430838_EA
Cereal Original Family Size,$5.97 ,$7.29 ,"545 g, $1.10/100g",Cereal & Breakfast,/p/21449810_EA
Meal Replacement Family Size,$5.97 ,$6.99 ,"550 g, $1.09/100g",Cereal & Breakfast,/p/21504064_EA
Organic Honey Toasted Oat Cereal,$6.49 ,$6.49 ,"340 g, $1.91/100g",Cereal & Breakfast,/p/21421674_EA
Cereal Honey Nut Flavour,$4.97 ,$4.97 ,"354 g, $1.40/100g",Cereal & Breakfast,/p/21535236_EA
Chocolate Cheerios Breakfast Cereal ,$4.97 ,$4.97 ,"420 g, $1.18/100g",Cereal & Breakfast,/p/21378919_EA
"CinnaGraham Toast Crunch Breakfast Cereal, Whole Grains",$4.97 ,$4.97 ,"340 g, $1.46/100g",Cereal & Breakfast,/p/21449783_EA
"Cinnamon Toast Crunch Rolls Breakfast Cereal, Whole Grains",$4.97 ,$4.97 ,"303 g, $1.64/100g",Cereal & Breakfast,/p/21498975_EA
"Caramel Toast Crunch Breakfast Cereal, Whole Grains and Real Cinnamon",$4.97 ,$4.97 ,"340 g, $1.46/100g",Cereal & Breakfast,/p/21371227_EA
"Oatmeal Crisp Breakfast Cereal, Honey Crunch",$4.97 ,$4.97 ,"423 g, $1.17/100g",Cereal & Breakfast,/p/21411458_EA
"Reese's Puffs Breakfast Cereal, Peanut Butter Chocolate, Whole Grains",$4.97 ,$4.97 ,"326 g, $1.52/100g",Cereal & Breakfast,/p/21104053_EA
Reese's Puffs Minis,$4.97 ,$4.97 ,"331 g, $1.50/100g",Cereal & Breakfast,/p/21541230_EA
Special K Vanilla Almond Cereal,$5.99 ,$5.99 ,"355 g, $1.69/100g",Cereal & Breakfast,/p/20695732_EA
Two Scoops Raisin Bran Cereal,$10.99 ,$10.99 ,"1.15 kg, $0.96/100g",Cereal & Breakfast,/p/20815737_EA
Regular Instant Oatmeal,$3.49 ,$3.97 ,"280 g, $1.25/100g",Cereal & Breakfast,/p/21190265_EA
Sugar Crisp Family Size,$5.99 ,$5.99 ,"550 g, $1.09/100g",Cereal & Breakfast,/p/20305607_EA
Maple & Brown Sugar Steel Cut Oats,$3.99 ,$3.99 ,"360 g, $1.11/100g",Cereal & Breakfast,/p/20943950_EA
Rolled Oats,$3.49 ,$3.49 ,"1000 g, $0.35/100g",Cereal & Breakfast,/p/20876492_EA
Smooth Peanut Butter,$6.99 ,$6.99 ,"1 kg, $0.70/100g","Honey, Syrups & Spreads",20039581001_EA
Hazelnut Chocolate Spread,$7.49 ,$7.49 ,"725 g, $1.03/100g","Honey, Syrups & Spreads",/p/20436105_EA
Smooth Peanut Butter,$4.79 ,$4.79 ,"1 kg, $0.48/100g","Honey, Syrups & Spreads",20296985001_EA
Smooth Light Peanut Butter,$6.99 ,$6.99 ,"1 kg, $0.70/100g","Honey, Syrups & Spreads",20039581003_EA
Maple & Brown Sugar Flavour Instant Oatmeal,$3.49 ,$3.97 ,"344 g, $1.01/100g","Honey, Syrups & Spreads",/p/21190254_EA
Only Peanuts All Natural Smooth Peanut Butter,$6.99 ,$6.99 ,"750 g, $0.93/100g","Honey, Syrups & Spreads",20311582001_EA
Crunchy Peanut Butter,$6.99 ,$6.99 ,"1 kg, $0.70/100g","Honey, Syrups & Spreads",20039581005_EA
Pure Strawberry Jam,$5.99 ,$5.99 ,"500 ml, $1.20/100ml","Honey, Syrups & Spreads",20308043001_EA
Pure 100% Canadian Liquid Honey,$7.29 ,$7.29 ,"500 g, $1.46/100g","Honey, Syrups & Spreads",/p/20129324_EA
Instant Oatmeal 3 Flavour Variety Pack,$3.49 ,$3.97 ,"314 g, $1.11/100g","Honey, Syrups & Spreads",/p/21190260_EA
Pure 100% Canadian Liquid Honey,$10.99 ,$10.99 ,"1 kg, $1.10/100g","Honey, Syrups & Spreads",/p/20033683_EA
100% Pure Maple Syrup (Amber),$13.99 ,$13.99 ,"500 ml, $2.80/100ml","Honey, Syrups & Spreads",/p/20049221_EA
Original Syrup,$3.99 ,$3.99 ,"710 ml, $0.56/100ml","Honey, Syrups & Spreads",/p/21391619_EA
100% Pure Maple Syrup,$17.49 ,$17.49 ,"1 l, $1.75/100ml","Honey, Syrups & Spreads",/p/20149259_EA
Apples & Cinnamon Instant Oatmeal,$3.49 ,$3.97 ,"264 g, $1.32/100g","Honey, Syrups & Spreads",/p/21190251_EA
Original syrup,$3.29 ,$3.29 ,"750 ml, $0.44/100ml","Honey, Syrups & Spreads",/p/20306030_EA
Pure Raspberry Jam,$7.49 ,$7.49 ,"500 ml, $1.50/100ml","Honey, Syrups & Spreads",20308043004_EA
Crunchy Peanut Butter,$4.79 ,$4.79 ,"1 kg, $0.48/100g","Honey, Syrups & Spreads",20296985002_EA
100% Canadian Pure Liquid Honey,$5.49 ,$5.49 ,"375 g, $1.46/100g","Honey, Syrups & Spreads",/p/20001100_EA
Only Peanuts All Natural Crunchy Peanut Butter,$6.99 ,$6.99 ,"750 g, $0.93/100g","Honey, Syrups & Spreads",20311582003_EA
Smooth Peanut Butter,$11.99 ,$11.99 ,"2 kg, $0.60/100g","Honey, Syrups & Spreads",20064825001_EA
Smooth Light Peanut Butter,$4.79 ,$4.79 ,"1 kg, $0.48/100g","Honey, Syrups & Spreads",20296985003_EA
100% Pure Maple Syrup,$5.49 ,$5.49 ,"200 ml, $2.75/100ml","Honey, Syrups & Spreads",/p/20819456_EA
Blue Menu Just Peanuts Smooth Peanut Butter,$5.99 ,$5.99 ,"750 g, $0.80/100g","Honey, Syrups & Spreads",20057669001_EA
Creamy Peanut Butter,$6.49 ,$6.49 ,"1 kg, $0.65/100g","Honey, Syrups & Spreads",/p/21023784_EA
Cheez Whiz Cheese Spread,$10.49 ,$10.49 ,"900 g, $1.17/100g","Honey, Syrups & Spreads",20659603001_EA
Hazelnut Spread With Cocoa,$7.29 ,$7.29 ,"725 g, $1.01/100g","Honey, Syrups & Spreads",/p/21285418_EA
Only Peanuts All Natural Peanut Butter with Sea Salt,$6.99 ,$6.99 ,"750 g, $0.93/100g","Honey, Syrups & Spreads",/p/21024115_EA
Butter Syrup,$3.99 ,$3.99 ,"710 ml, $0.56/100ml","Honey, Syrups & Spreads",/p/21391939_EA
Smooth Peanut Butter,$4.79 ,$4.79 ,"500 g, $0.96/100g","Honey, Syrups & Spreads",20132369001_EA
Hazelnut Chocolate Spread,$4.79 ,$4.79 ,"375 g, $1.28/100g","Honey, Syrups & Spreads",/p/20435988_EA
Pure Strawberry Jam,$5.29 ,$5.29 ,"500 ml, $1.06/100ml","Honey, Syrups & Spreads",/p/20180006_EA
Pure Seedless Strawberry Jam,$4.29 ,$4.29 ,"250 ml, $1.72/100ml","Honey, Syrups & Spreads",20308397001_EA
Raspberry Jam,$5.49 ,$5.49 ,"250 ml, $2.20/100ml","Honey, Syrups & Spreads",20307313006_EA
Strawberry Jam,$5.49 ,$5.49 ,"250 ml, $2.20/100ml","Honey, Syrups & Spreads",20307313001_EA
Chocolate Hazelnut Spread,$5.79 ,$5.79 ,"725 g, $0.80/100g","Honey, Syrups & Spreads",/p/20683943_EA
Smooth Peanut Butter,$3.29 ,$3.29 ,"500 g, $0.66/100g","Honey, Syrups & Spreads",20316212001_EA
"Smooth Peanut Butter, Club Size",$8.49 ,$8.49 ,"2 kg, $0.42/100g","Honey, Syrups & Spreads",20323398002_EA
"Syrup, Butter Flavoured",$3.99 ,$3.99 ,"750 ml, $0.53/100ml","Honey, Syrups & Spreads",/p/20076385_EA
Spread Hazelnut with Cocoa 45% Less Sugar ,$7.29 ,$7.29 ,"725 g, $1.01/100g","Honey, Syrups & Spreads",/p/21380971_EA
Original Table Syrup,$3.99 ,$3.99 ,"750 ml, $0.53/100ml","Honey, Syrups & Spreads",/p/20374908_EA
Extra Creamy Peanut Butter,$6.99 ,$6.99 ,"1 kg, $0.70/100g","Honey, Syrups & Spreads",20039581002_EA
100% Pure Maple Syrup (Dark),$10.99 ,$10.99 ,"375 ml, $2.93/100ml","Honey, Syrups & Spreads",/p/20107636_EA
No Sugar Added Strawberry Spread,$6.49 ,$6.49 ,"310 ml, $2.09/100ml","Honey, Syrups & Spreads",20312273001_EA
Pure Seedless Raspberry Jam,$6.49 ,$6.49 ,"250 ml, $2.60/100ml","Honey, Syrups & Spreads",20308397013_EA
Lite Syrup,$3.99 ,$3.99 ,"710 ml, $0.56/100ml","Honey, Syrups & Spreads",/p/21391591_EA
Blue Menu Just Peanuts Crunchy Peanut Butter,$5.99 ,$5.99 ,"750 g, $0.80/100g","Honey, Syrups & Spreads",20057669002_EA
100% Canadian Pure Creamed Honey,$10.99 ,$10.99 ,"1 kg, $1.10/100g","Honey, Syrups & Spreads",/p/20072342_EA
Twice The Fruit Strawberry Spread,$6.79 ,$6.79 ,"500 ml, $1.36/100ml","Honey, Syrups & Spreads",/p/20300537_EA
Crunchy Peanut Butter,$11.99 ,$11.99 ,"2 kg, $0.60/100g","Honey, Syrups & Spreads",/p/20911872_EA
Blueberry Spread,$8.49 ,$8.49 ,"950 ml, $0.89/100ml","Honey, Syrups & Spreads",20040819003_EA
Pure Apricot Jam,$5.99 ,$5.99 ,"500 ml, $1.20/100ml","Honey, Syrups & Spreads",20308043002_EA
"Pure Natural Honey, Liquid White, Upside-down Squeeze",$8.99 ,$8.99 ,"375 g, $2.40/100g","Honey, Syrups & Spreads",/p/21014013_EA
Manuka Honey,$6.99 ,$6.99 ,"375 g, $1.86/100g","Honey, Syrups & Spreads",/p/20093823_EA
Crunchy Peanut Butter,$11.99 ,$11.99 ,"2 kg, $0.60/100g","Honey, Syrups & Spreads",/p/20911872_EA
Corn Syrup,$4.79 ,$4.79 ,"500 ml, $0.96/100ml","Honey, Syrups & Spreads",/p/20160687_EA
Quince Jam,$2.79 ,$2.79 ,"375 ml, $0.74/100ml","Honey, Syrups & Spreads",/p/20159955_EA
Blueberry Spread,$8.49 ,$8.49 ,"950 ml, $0.89/100ml","Honey, Syrups & Spreads",20040819003_EA
Maple Syrup,$10.99 ,$10.99 ,"355 ml, $3.10/100ml","Honey, Syrups & Spreads",/p/21551058_EA
"Three-Fruit Marmalade with Pectin, Club Size",$5.99 ,$5.99 ,"1 l, $0.60/100ml","Honey, Syrups & Spreads",/p/20319782_EA
Cheezee Spread Cheddar,$5.49 ,$5.49 ,"235 g, $2.34/100g","Honey, Syrups & Spreads",/p/21209646_EA
"Pure Natural Honey, Liquid White, Squeeze",$10.49 ,$10.49 ,"750 g, $1.40/100g","Honey, Syrups & Spreads",/p/20857271_EA
Smooth Light Peanut Butter,$8.49 ,$8.49 ,"2 kg, $0.42/100g","Honey, Syrups & Spreads",20323398001_EA
100% Natural Dark Roast Crunchy Peanut Butter,$6.29 ,$6.29 ,"500 g, $1.26/100g","Honey, Syrups & Spreads",/p/21108127_EA
"Premium Spread, Strawberry",$6.49 ,$6.49 ,"383 ml, $1.69/100ml","Honey, Syrups & Spreads",/p/20987211_EA
1 Canadian Pure Creamed Honey  ,$16.49 ,$16.49 ,"1 kg, $1.65/100g","Honey, Syrups & Spreads",/p/21179955_EA
Wildflower Honey with Turkish Walnuts,$5.99 ,$5.99 ,"250 g, $2.40/100g","Honey, Syrups & Spreads",/p/21347097_EA
Dulce de leche,$3.79 ,$3.79 ,"450 g, $0.84/100g","Honey, Syrups & Spreads",/p/20067882_EA
100% Natural Creamy Peanut Butter,$6.29 ,$6.29 ,"500 g, $1.26/100g","Honey, Syrups & Spreads",20367670001_EA
Twice The Fruit 3-Berry Spread,$6.49 ,$6.49 ,"500 ml, $1.30/100ml","Honey, Syrups & Spreads",/p/20318704_EA
Creamy Peanut Butter,$4.99 ,$4.99 ,"500 g, $1.00/100g","Honey, Syrups & Spreads",/p/21024061_EA
Pure Concord Grape Jelly,$5.29 ,$5.29 ,"500 ml, $1.06/100ml","Honey, Syrups & Spreads",/p/20029976_EA
Hazelnut And Cocoa Spread,$8.49 ,$8.49 ,"250 g, $3.40/100g","Honey, Syrups & Spreads",/p/21520714_EA
Pure Seedless Strawberry Jam,$4.49 ,$4.49 ,"250 ml, $1.80/100ml","Honey, Syrups & Spreads",/p/20310556_EA
Chocolate Hazelnut Spread,$6.49 ,$6.49 ,"725 g, $0.90/100g","Honey, Syrups & Spreads",/p/20684116_EA
Blueberry,$6.79 ,$6.79 ,"500 ml, $1.36/100ml","Honey, Syrups & Spreads",/p/21385372_EA
Premium Liquid Honey,$10.49 ,$10.49 ,"500 g, $2.10/100g","Honey, Syrups & Spreads",/p/21377240_EA
"Pure Natural Honey, Liquid White, Squeeze",$13.49 ,$14.49 ,"1 kg, $1.35/100g","Honey, Syrups & Spreads",/p/21084328_EA
Strawberry Jam with Pectin,$5.99 ,$5.99 ,"1 l, $0.60/100ml","Honey, Syrups & Spreads",/p/20217879_EA
Bourbon Barrel-Aged Maple Syrup,$10.99 ,$10.99 ,"236 ml, $4.66/100ml","Honey, Syrups & Spreads",/p/21339722_EA
"100% Canadian Pure Liquid Honey, Club Pack",$31.99 ,$31.99 ,"3 kg, $1.07/100g","Honey, Syrups & Spreads",/p/20189069_EA
Chocolate Hazelnut Spread,$3.79 ,$3.79 ,"400 g, $0.95/100g","Honey, Syrups & Spreads",/p/20101584_EA
Chocolate Hazelnut Spread,$3.79 ,$3.79 ,"375 g, $1.01/100g","Honey, Syrups & Spreads",/p/20792384_EA
100% Natural Crunchy Peanut Butter,$9.99 ,$9.99 ,"1 kg, $1.00/100g","Honey, Syrups & Spreads",/p/20573431_EA
"Fruit Spread, British Columbia Raspberry",$7.49 ,$7.49 ,"370 ml, $2.02/100ml","Honey, Syrups & Spreads",20415053001_EA
Hazelnut Chocolate Spread,$13.99 ,$13.99 ,"2x725.0 g, $0.96/100g","Honey, Syrups & Spreads",/p/20574189_EA
Liquid Honey,$16.49 ,$16.49 ,"1 kg, $1.65/100g","Honey, Syrups & Spreads",/p/20528715_EA
Pure Maple Syrup,$7.49 ,$7.49 ,"250 ml, $3.00/100ml","Honey, Syrups & Spreads",/p/20938390_EA
Raw Honey,$8.99 ,$10.99 ,"750 g, $1.20/100g","Honey, Syrups & Spreads",/p/21365951_EA
Caramel,$5.79 ,$5.79 ,"450 g, $1.29/100g","Honey, Syrups & Spreads",/p/20573570_EA
No Sugar Added Apricot Spread,$6.49 ,$6.49 ,"310 ml, $2.09/100ml","Honey, Syrups & Spreads",20312273003_EA
Double Fruit Raspberry Fruit Spread,$7.49 ,$7.49 ,"390 ml, $1.92/100ml","Honey, Syrups & Spreads",20323364002_EA
Twice The Fruit 6-Fruit Flavour Spread,$6.79 ,$6.79 ,"500 ml, $1.36/100ml","Honey, Syrups & Spreads",/p/20141312_EA
Pure Strawberry Jam,$10.49 ,$10.49 ,"1 l, $1.05/100ml","Honey, Syrups & Spreads",20006131001_EA
Apricot Jam,$5.49 ,$5.49 ,"250 ml, $2.20/100ml","Honey, Syrups & Spreads",20307313005_EA
No Sugar Added Blueberry Spread,$6.49 ,$6.49 ,"310 ml, $2.09/100ml","Honey, Syrups & Spreads",20312273002_EA
"Pure Natural Honey, Liquid White, Squeeze",$9.49 ,$9.49 ,"500 g, $1.90/100g","Honey, Syrups & Spreads",/p/20724504_EA
100% Natural Dark Roast Creamy Peanut Butter,$6.29 ,$6.29 ,"500 g, $1.26/100g","Honey, Syrups & Spreads",/p/21108126_EA
Pure Seville Orange Marmalade,$3.49 ,$3.49 ,"250 ml, $1.40/100ml","Honey, Syrups & Spreads",/p/20306229_EA
100% Natural Crunchy Peanut Butter,$9.99 ,$9.99 ,"1 kg, $1.00/100g","Honey, Syrups & Spreads",/p/20573431_EA
"Fruit Spread, British Columbia Raspberry",$7.49 ,$7.49 ,"370 ml, $2.02/100ml","Honey, Syrups & Spreads",20415053001_EA
Apricot Jam,$5.49 ,$5.49 ,"250 ml, $2.20/100ml","Honey, Syrups & Spreads",20307313005_EA
No Sugar Added Blueberry Spread,$6.49 ,$6.49 ,"310 ml, $2.09/100ml","Honey, Syrups & Spreads",20312273002_EA
"Pure Natural Honey, Liquid White, Squeeze",$9.49 ,$9.49 ,"500 g, $1.90/100g","Honey, Syrups & Spreads",/p/20724504_EA
100% Natural Dark Roast Creamy Peanut Butter,$6.29 ,$6.29 ,"500 g, $1.26/100g","Honey, Syrups & Spreads",/p/21108126_EA
Double Fruit Apricot Fruit Spread,$6.49 ,$6.49 ,"390 ml, $1.66/100ml","Honey, Syrups & Spreads",20323364003_EA
100% Natural Crunchy Peanut Butter,$6.29 ,$6.29 ,"500 g, $1.26/100g","Honey, Syrups & Spreads",20367670002_EA
"Twice The Fruit Raspberry Spread, Club Size",$11.49 ,$11.49 ,"1 l, $1.15/100ml","Honey, Syrups & Spreads",20006104002_EA
Blueberry Syrup,$5.49 ,$5.49 ,"341 ml, $1.61/100ml","Honey, Syrups & Spreads",/p/20253443_EA
Apricot Jam with Pectin,$4.29 ,$4.29 ,"500 ml, $0.86/100ml","Honey, Syrups & Spreads",/p/21463947_EA
Liquid Honey,$5.99 ,$5.99 ,"500 g, $1.20/100g","Honey, Syrups & Spreads",/p/20703831_EA
Guava Paste,$2.99 ,$2.99 ,"400 g, $0.75/100g","Honey, Syrups & Spreads",/p/20213757_EA
Raspberry Jam with Pectin,$5.99 ,$5.99 ,"1 l, $0.60/100ml","Honey, Syrups & Spreads",/p/20310518_EA
Twice The Fruit Apricot Spread,$6.79 ,$6.79 ,"500 ml, $1.36/100ml","Honey, Syrups & Spreads",/p/20311087_EA
Pure Blueberry Jam,$4.29 ,$4.29 ,"250 ml, $1.72/100ml","Honey, Syrups & Spreads",20308397007_EA
Corn Syrup,$5.49 ,$5.49 ,"1 l, $0.55/100ml","Honey, Syrups & Spreads",/p/20016594_EA
Pure Apple Jelly,$4.29 ,$4.29 ,"250 ml, $1.72/100ml","Honey, Syrups & Spreads",20308397011_EA
Amber Honey Liquid,$10.49 ,$10.49 ,"500 g, $2.10/100g","Honey, Syrups & Spreads",/p/21450884_EA
Light Creamy Peanut Butter,$6.49 ,$6.49 ,"1 kg, $0.65/100g","Honey, Syrups & Spreads",/p/21121977_EA
Pure Orange Marmalade,$5.29 ,$5.29 ,"500 ml, $1.06/100ml","Honey, Syrups & Spreads",/p/20310630_EA
Hazelnut Chocolate Spread,$10.99 ,$10.99 ,"1 kg, $1.10/100g","Honey, Syrups & Spreads",/p/20889082_EA
Wild Blueberry Jam,$5.49 ,$5.49 ,"250 ml, $2.20/100ml","Honey, Syrups & Spreads",20307313007_EA
"Fruit Spread, Quebec Wild Blueberry",$7.49 ,$7.49 ,"370 ml, $2.02/100ml","Honey, Syrups & Spreads",20415053002_EA
Crunchy Chocolate Hazelnut Spread,$3.79 ,$3.79 ,"375 g, $1.01/100g","Honey, Syrups & Spreads",/p/21105354_EA
Peanut Butter Creamy Squeeze,$5.79 ,$5.79 ,"375 g, $1.54/100g","Honey, Syrups & Spreads",/p/21379084_EA
Pure Raspberry Jam,$6.99 ,$6.99 ,"500 ml, $1.40/100ml","Honey, Syrups & Spreads",/p/20312299_EA
Crown Corn Syrup,$4.79 ,$4.79 ,"500 ml, $0.96/100ml","Honey, Syrups & Spreads",/p/20051179_EA
"Smooth Peanut Butter, Light",$11.99 ,$11.99 ,"2 kg, $0.60/100g","Honey, Syrups & Spreads",20064825002_EA
Golden Syrup,$5.69 ,$5.69 ,"750 ml, $0.76/100ml","Honey, Syrups & Spreads",/p/20176475_EA
Liquid Honey,$10.99 ,$10.99 ,"1 kg, $1.10/100g","Honey, Syrups & Spreads",/p/20704777_EA
Table Syrup 75% Less Sugar than Maple Syrup,$3.49 ,$3.49 ,"375 ml, $0.93/100ml","Honey, Syrups & Spreads",20310792002_EA
Forest Honey,$10.99 ,$10.99 ,"375 g, $2.93/100g","Honey, Syrups & Spreads",/p/20860165_EA
Pure Raspberry Jam,$6.49 ,$6.49 ,"250 ml, $2.60/100ml","Honey, Syrups & Spreads",20308397006_EA
Organic Seedless Raspberry Spread,$6.49 ,$6.49 ,"383 ml, $1.69/100ml","Honey, Syrups & Spreads",/p/20987199_EA
Pure Blackberry Jam,$4.29 ,$4.29 ,"250 ml, $1.72/100ml","Honey, Syrups & Spreads",20308397004_EA
"Twice The Fruit Strawberry Spread, Club Size",$9.99 ,$9.99 ,"1 l, $1.00/100ml","Honey, Syrups & Spreads",20006104001_EA
Light Creamy Peanut Butter,$4.99 ,$4.99 ,"500 g, $1.00/100g","Honey, Syrups & Spreads",/p/21120382_EA
Dark Roast Creamy Peanut Butter,$4.99 ,$4.99 ,"500 g, $1.00/100g","Honey, Syrups & Spreads",/p/21202120_EA
Pure Apricot Jam,$5.29 ,$5.29 ,"500 ml, $1.06/100ml","Honey, Syrups & Spreads",/p/20301559_EA
Orange Marmalade,$5.49 ,$5.49 ,"250 ml, $2.20/100ml","Honey, Syrups & Spreads",20307313010_EA
100% Natural Creamy Peanut Butter,$9.99 ,$9.99 ,"1 kg, $1.00/100g","Honey, Syrups & Spreads",/p/20573581_EA
Spicy Peanut Butter Creamy,$6.49 ,$6.49 ,"500 g, $1.30/100g","Honey, Syrups & Spreads",/p/21421939_EA
"Fruit Spread, Ontario Montmorency Sour Cherry",$7.49 ,$7.49 ,"370 ml, $2.02/100ml","Honey, Syrups & Spreads",20415053003_EA
Seedless Raspberry Jam,$4.49 ,$4.49 ,"250 ml, $1.80/100ml","Honey, Syrups & Spreads",/p/20093834_EA
Double Fruit Strawberry Fruit Spread,$6.49 ,$6.49 ,"390 ml, $1.66/100ml","Honey, Syrups & Spreads",20323364001_EA
Liquid Honey     ,$10.99 ,$10.99 ,"1 kg, $1.10/100g","Honey, Syrups & Spreads",/p/21182437_EA
Sugar Free Syrup ,$2.79 ,$2.79 ,"250 ml, $1.12/100ml","Honey, Syrups & Spreads",/p/21291164_EA
Sugar Free Syrup ,$2.79 ,$2.79 ,"250 ml, $1.12/100ml","Honey, Syrups & Spreads",/p/21291164_EA
"100% Canadian Pure Creamed Honey, Club Size",$31.99 ,$31.99 ,"3 kg, $1.07/100g","Honey, Syrups & Spreads",/p/20188518_EA
Acacia Honey,$11.49 ,$11.49 ,"500 ml, $2.30/100ml","Honey, Syrups & Spreads",/p/20002289_EA
Just Fruit Spreads Premium Spread Strawberry Banana Organic,$6.49 ,$6.49 ,"383 ml, $1.69/100ml","Honey, Syrups & Spreads",/p/21404873_EA
Pure Apricot Jam,$4.29 ,$4.29 ,"250 ml, $1.72/100ml","Honey, Syrups & Spreads",20308397003_EA
Spread Hazelnut with Cocoa Crunchy ,$7.29 ,$7.29 ,"725 g, $1.01/100g","Honey, Syrups & Spreads",/p/21380969_EA
Raspberry Fruit And Concentrated Pear Juice Spread,$6.79 ,$6.79 ,"310 ml, $2.19/100ml","Honey, Syrups & Spreads",/p/20985179_EA
Raw Honey     ,$10.49 ,$10.49 ,"500 g, $2.10/100g","Honey, Syrups & Spreads",/p/21179957_EA
"Peanut Butter, Smooth Light",$3.29 ,$3.29 ,"500 g, $0.66/100g","Honey, Syrups & Spreads",20316212003_EA
Dark Roast Peanut Butter ,$4.79 ,$4.79 ,"1 kg, $0.48/100g","Honey, Syrups & Spreads",/p/21450545_EA
Twice The Fruit Raspberry Spread,$6.49 ,$6.49 ,"500 ml, $1.30/100ml","Honey, Syrups & Spreads",/p/20313853_EA
Strawberry Fruit Spread,$6.79 ,$6.79 ,"310 ml, $2.19/100ml","Honey, Syrups & Spreads",/p/20985462_EA
Pure Orange Marmalade,$5.99 ,$5.99 ,"500 ml, $1.20/100ml","Honey, Syrups & Spreads",20308043003_EA
Pure Peach Jam,$4.29 ,$4.29 ,"250 ml, $1.72/100ml","Honey, Syrups & Spreads",20308397009_EA
Crunchy Peanut Butter,$6.49 ,$6.49 ,"1 kg, $0.65/100g","Honey, Syrups & Spreads",/p/21023863_EA
Pure Raspberry Jam,$12.49 ,$12.49 ,"1 l, $1.25/100ml","Honey, Syrups & Spreads",20006131002_EA
Korean Honey Citron Tea,$6.49 ,$7.49 ,"1 l, $0.65/100ml","Honey, Syrups & Spreads",/p/20593150_EA
Golden Corn Syrup,$8.49 ,$8.49 ,"1 l, $0.85/100ml","Honey, Syrups & Spreads",/p/20081599_EA
Maple Butter Spread,$4.49 ,$4.49 ,"158 g, $2.84/100g","Honey, Syrups & Spreads",/p/21315340_EA
Just Almonds Crunchy Almond Butter,$7.99 ,$7.99 ,"340 g, $2.35/100g","Honey, Syrups & Spreads",/p/20966132_EA
Hazelnut And Cocoa Spread,$16.49 ,$16.49 ,"580 g, $2.84/100g","Honey, Syrups & Spreads",/p/21520007_EA
Organic Fruit Spread Apricot,$3.99 ,$3.99 ,"235 ml, $1.70/100ml","Honey, Syrups & Spreads",/p/21085957_EA
Spicy Peanut Butter,$6.49 ,$6.49 ,"500 g, $1.30/100g","Honey, Syrups & Spreads",/p/21421940_EA
Chocolate Spread Duo,$3.79 ,$3.79 ,"400 g, $0.95/100g","Honey, Syrups & Spreads",/p/20079230_EA
Mixed Congee,$7.99 ,$7.99 ,"6x375.0 g, $0.36/100g","Honey, Syrups & Spreads",/p/20146736_EA
"Pure Natural Honey, Liquid White, Squeeze",$13.49 ,$14.49 ,"1 kg, $1.35/100g","Honey, Syrups & Spreads",/p/20724506_EA
Table Syrup With 10% Maple Syrup,$5.99 ,$5.99 ,"750 ml, $0.80/100ml","Honey, Syrups & Spreads",/p/20127161_EA
Light Table Syrup,$3.99 ,$3.99 ,"750 ml, $0.53/100ml","Honey, Syrups & Spreads",/p/20306482_EA
Twice The Fruit Strawberry Rhubarb Spread,$6.79 ,$6.79 ,"500 ml, $1.36/100ml","Honey, Syrups & Spreads",/p/20318554_EA
Honeycomb in Wildflower Honey,$8.49 ,$8.49 ,"400 g, $2.12/100g","Honey, Syrups & Spreads",/p/21347091_EA
Organic Fruit Spread Raspberry,$3.99 ,$3.99 ,"235 ml, $1.70/100ml","Honey, Syrups & Spreads",/p/21086011_EA
Just Almonds Smooth Almond Butter,$7.99 ,$7.99 ,"340 g, $2.35/100g","Honey, Syrups & Spreads",/p/20966124_EA
No Sugar Added Raspberry Spread,$7.49 ,$7.49 ,"310 ml, $2.42/100ml","Honey, Syrups & Spreads",20312273005_EA
Dark Roast Creamy Peanut Butter Spread ,$6.49 ,$6.49 ,"1 kg, $0.65/100g","Honey, Syrups & Spreads",/p/21202121_EA
Pure Strawberry Jam,$4.29 ,$4.29 ,"250 ml, $1.72/100ml","Honey, Syrups & Spreads",20308397002_EA
100% Canadian Pure Creamed Honey,$7.29 ,$7.29 ,"500 g, $1.46/100g","Honey, Syrups & Spreads",/p/20034427_EA
Premium Long Grain Rice,$6.99 ,$6.99 ,"1.4 kg, $0.50/100g",Rice,20074783001_EA
Scented Jasmine Rice ,$25.99 ,$25.99 ,"8 kg, $0.32/100g",Rice,/p/20121871_EA
Basmati,$3.79 ,$3.79 ,"250 g, $1.52/100g",Rice,/p/21405476_EA
Long Grain White Rice,$5.49 ,$5.49 ,"2 kg, $0.27/100g",Rice,/p/20069589_EA
Maple & Brown Sugar Flavour Instant Oatmeal,$3.49 ,$3.97 ,"344 g, $1.01/100g",Rice,/p/21190254_EA
Jasmine Rice,$3.49 ,$3.49 ,"750 g, $0.47/100g",Rice,/p/20961292_EA
Basmati Rice,$4.49 ,$4.49 ,"750 g, $0.60/100g",Rice,/p/20961107_EA
Thai Hom Mali Scented Jasmine Rice,$6.49 ,$6.49 ,"2 kg, $0.32/100g",Rice,/p/20144395_EA
Jasmine,$3.79 ,$3.79 ,"240 g, $1.58/100g",Rice,/p/21405472_EA
Instant Oatmeal 3 Flavour Variety Pack,$3.49 ,$3.97 ,"314 g, $1.11/100g",Rice,/p/21190260_EA
"Ready To Serve, Basmati Rice",$2.99 ,$2.99 ,"250 g, $1.20/100g",Rice,20110052003_EA
Long Grain & Wild Rice Roasted Chicken,$3.79 ,$3.79 ,"250 g, $1.52/100g",Rice,/p/21405242_EA
Vegetable Medley Rice,$3.79 ,$3.79 ,"250 g, $1.52/100g",Rice,/p/21404900_EA
Premium Long Grain Rice,$5.29 ,$5.29 ,"700 g, $0.76/100g",Rice,/p/20310858_EA
Apples & Cinnamon Instant Oatmeal,$3.49 ,$3.97 ,"264 g, $1.32/100g",Rice,/p/21190251_EA
Jasmine Rice,$44.99 ,$44.99 ,"18 kg, $0.25/100g",Rice,/p/21550401_EA
Mexican Style Rice,$3.79 ,$3.79 ,"250 g, $1.52/100g",Rice,/p/21404899_EA
100% Premium Long Grain White Rice,$11.99 ,$11.99 ,"2.6 kg, $0.46/100g",Rice,/p/20024150_EA
Sticky Rice,$3.49 ,$3.49 ,"750 g, $0.47/100g",Rice,/p/20962879_EA
Pure Basmati Rice,$16.99 ,$16.99 ,"4 kg, $0.42/100g",Rice,/p/20787524_EA
Aged Basmati Rice,$10.00 ,$10.00 ,"3.63 kg, $0.28/100g",Rice,/p/20838931_EA
Long Grain Parboiled Rice,$6.49 ,$6.49 ,"2 kg, $0.32/100g",Rice,/p/20154364_EA
Fried Style Rice,$3.79 ,$3.79 ,"250 g, $1.52/100g",Rice,/p/21405127_EA
Calrose Rice     ,$25.99 ,$28.99 ,"8 kg, $0.32/100g",Rice,/p/20428552_EA
Long Grain & Wild Rice Mushroom Flavour,$3.79 ,$3.79 ,"250 g, $1.52/100g",Rice,/p/21404895_EA
Butter & Garlic Flavour,$3.79 ,$3.79 ,"250 g, $1.52/100g",Rice,/p/21405178_EA
Broccoli & Cheddar Flavour Rice,$3.79 ,$3.79 ,"240 g, $1.58/100g",Rice,/p/21404894_EA
Converted Long Grain Rice,$9.79 ,$9.79 ,"2.2 kg, $0.45/100g",Rice,/p/21535549_EA
Fine Herb & Wild Rice,$1.99 ,$1.99 ,"132 g, $1.51/100g",Rice,/p/21397499_EA
Rice Basmati,$21.99 ,$21.99 ,"4.54 kg, $0.48/100g",Rice,/p/20153678_EA
Basmati Rice,$8.99 ,$8.99 ,"1.6 kg, $0.56/100g",Rice,/p/20961112_EA
Arborio Superfino Rice,$5.99 ,$5.99 ,"750 g, $0.80/100g",Rice,/p/20971229_EA
Long Grain & Wild Rice Fine Herbs,$3.79 ,$3.79 ,"250 g, $1.52/100g",Rice,/p/21405433_EA
Broccoli & Cheddar Flavour Rice,$1.99 ,$1.99 ,"132 g, $1.51/100g",Rice,/p/21397421_EA
Basmati Rice     ,$6.99 ,$6.99 ,"900 g, $0.78/100g",Rice,/p/21035718_EA
Basmati Rice,$12.49 ,$12.49 ,"3.63 kg, $0.34/100g",Rice,/p/20845425_EA
Garden Vegetable Style Rice,$1.99 ,$1.99 ,"132 g, $1.51/100g",Rice,/p/21397330_EA
"Rice, Pure Steamed Basmati",$2.99 ,$2.99 ,"250 g, $1.20/100g",Rice,/p/20695681_EA
Roasted Chicken Flavour & Wild Rice,$4.79 ,$4.79 ,"365 g, $1.31/100g",Rice,/p/21397567_EA
Jasmine,$2.99 ,$2.99 ,"125 g, $1.20/100g",Rice,/p/20944993_EA
Wholegrain Brown Rice,$3.79 ,$3.79 ,"250 g, $1.52/100g",Rice,/p/21405467_EA
Quinoa,$14.29 ,$14.29 ,"1.8 kg, $0.79/100g",Rice,/p/21044741_EA
Thai Hom Mali Brown Jasmine Rice,$6.49 ,$6.49 ,"2 kg, $0.32/100g",Rice,/p/20033765_EA
Jasmine World Classics,$9.99 ,$9.99 ,"1.6 kg, $0.62/100g",Rice,/p/21284741_EA
Whole Grain Brown Rice,$6.99 ,$6.99 ,"1.2 kg, $0.58/100g",Rice,20074783002_EA
"Ready To Serve, Long Grain & Wild Rice Chicken",$2.99 ,$2.99 ,"250 g, $1.20/100g",Rice,20110052001_EA
White Basmati Coconut Rice,$3.79 ,$3.79 ,"240 g, $1.58/100g",Rice,/p/21404852_EA
Long Grain Instant Rice,$4.99 ,$4.99 ,"700 g, $0.71/100g",Rice,/p/20377442_EA
Pilaf Rice,$3.79 ,$3.79 ,"250 g, $1.52/100g",Rice,/p/21405184_EA
Pure Original Basmati Rice,$6.29 ,$6.99 ,"907 g, $0.69/100g",Rice,/p/20065191_EA
Roasted Olive Oil,$4.79 ,$4.79 ,"365 g, $1.31/100g",Rice,/p/21397367_EA
Medium Grain Sushi Rice ,$7.99 ,$7.99 ,"2.27 kg, $0.35/100g",Rice,/p/21342684_EA
Chinese Style Fried Rice,$1.99 ,$1.99 ,"132 g, $1.51/100g",Rice,/p/21397365_EA
Organic Brown Basmati Rice,$6.49 ,$6.49 ,"908 g, $0.71/100g",Rice,/p/20875179_EA
"Basmati Rice, Brown",$17.99 ,$17.99 ,"4.54 kg, $0.40/100g",Rice,/p/20861639_EA
Basmati Rice     ,$16.49 ,$16.49 ,"3.63 kg, $0.45/100g",Rice,/p/21212914_EA
Basmati Rice Everyday,$13.99 ,$13.99 ,"3.63 kg, $0.39/100g",Rice,/p/21506085_EA
Thai Hom Mali Brown Jasmine Rice,$11.49 ,$12.99 ,"4.54 kg, $0.25/100g",Rice,/p/21290266_EA
Whole Grain Brown Rice,$5.29 ,$5.29 ,"600 g, $0.88/100g",Rice,/p/20117584_EA
"Ready To Serve Rice, Vegetable Medley",$2.99 ,$2.99 ,"250 g, $1.20/100g",Rice,20110052005_EA
Parboiled Rice,$22.99 ,$22.99 ,"8 kg, $0.29/100g",Rice,/p/20709856_EA
"Steamed Basmati Rice, Wholegrain",$2.99 ,$2.99 ,"250 g, $1.20/100g",Rice,/p/21009178_EA
Bistro Express Rice Side Dish Mexican Style Family Size,$5.49 ,$5.49 ,"0.49 kg, $1.12/100g",Rice,/p/21535323_EA
Creamy Sella Basmati Rice,$17.99 ,$17.99 ,"3.63 kg, $0.50/100g",Rice,/p/21417641_EA
Jasmine Rice,$12.99 ,$12.99 ,"1.6 kg, $0.81/100g",Rice,/p/21397537_EA
Extra Fancy Long Grain Rice,$36.99 ,$36.99 ,"18 kg, $0.21/100g",Rice,/p/20182549_EA
Converted Rice,$13.99 ,$13.99 ,"4 kg, $0.35/100g",Rice,/p/21397411_EA
Glutinous Rice,$15.99 ,$17.99 ,"5 kg, $0.32/100g",Rice,/p/20828958_EA
Wholegrain Brown Rice,$9.79 ,$9.79 ,"2.2 kg, $0.45/100g",Rice,/p/21535571_EA
Basmati Rice,$17.99 ,$17.99 ,"4.545 kg, $0.40/100g",Rice,/p/20877295_EA
Basmati Rice Premium (Case),$17.99 ,$17.99 ,"4.54 kg, $0.40/100g",Rice,p/20582706_C01
Brown Rice,$23.99 ,$23.99 ,"6.8 kg, $0.35/100g",Rice,/p/20707819_EA
Aged Basmati Rice,$54.99 ,$54.99 ,"18 kg, $0.31/100g",Rice,/p/20139958_EA
White Basmati Rice Cilantro Lime Flavour,$3.79 ,$3.79 ,"240 g, $1.58/100g",Rice,/p/21404827_EA
Whole Grain Blend With Quinoa & Barley,$3.29 ,$3.29 ,"250 g, $1.32/100g",Rice,/p/21391364_EA
Black Bean Lime & Cilantro Flavour,$3.79 ,$3.79 ,"240 g, $1.58/100g",Rice,/p/21405169_EA
Organic Brown & Wild Rice Tomato & Roasted Garlic Flavour ,$3.99 ,$3.99 ,"240 g, $1.66/100g",Rice,/p/21494285_EA
"Pure Basmati Rice, Bag",$11.99 ,$11.99 ,"1.81 kg, $0.66/100g",Rice,/p/20013920_EA
Brown Basmati Rice,$14.99 ,$14.99 ,"4.54 kg, $0.33/100g",Rice,/p/20138918_EA
Bistro Express Rice Side Dish Jasmine Rice Family Size,$5.49 ,$5.49 ,"490 g, $1.12/100g",Rice,/p/21535597_EA
New Treasure Long Grain White Rice,$8.99 ,$8.99 ,"4 kg, $0.22/100g",Rice,/p/20569712_EA
Jasmine Rice ,$3.29 ,$3.29 ,"250 g, $1.32/100g",Rice,/p/21391387_EA
Organic Brown & Red Rice with Chia & Kale ,$3.99 ,$3.99 ,"240 g, $1.66/100g",Rice,/p/21494287_EA
Premium Rice,$13.99 ,$13.99 ,"2.26 kg, $0.62/100g",Rice,/p/21415930_EA
Thai Jasmine Rice,$45.99 ,$45.99 ,"18.1 kg, $0.25/100g",Rice,/p/20705589_EA
Basmati Rice,$21.59 ,$21.59 ,"4.54 kg, $0.48/100g",Rice,/p/20418192_EA
Steamed Basmati Rice Sweet Chili & Lime,$2.99 ,$2.99 ,"250 g, $1.20/100g",Rice,/p/21106566_EA
Red Cargo Rice,$6.99 ,$8.49 ,"2 kg, $0.35/100g",Rice,/p/20415722_EA
Time Wise Brown Parboiled Rice,$4.99 ,$4.99 ,"900 g, $0.55/100g",Rice,/p/21035570_EA
Kimora Calrose Rice,$14.99 ,$14.99 ,"1.6 kg, $0.94/100g",Rice,/p/21432746_EA
Premium Calrose Rice,$41.99 ,$44.99 ,"10 kg, $0.42/100g",Rice,/p/20131231_EA
Basmati Rice,$12.99 ,$12.99 ,"1.6 kg, $0.81/100g",Rice,/p/21397550_EA
Jasmine Rice Milagrosa,$17.99 ,$17.99 ,"8 kg, $0.22/100g",Rice,/p/21338148_EA
Basmati Rice (Case),$19.99 ,$19.99 ,"4.54 kg, $0.44/100g",Rice,p/20582250_C01
Rice Superfino Arborio,$5.99 ,$5.99 ,"750 g, $0.80/100g",Rice,/p/20149848_EA
Thai Jasmine Rice,$29.99 ,$34.99 ,"18.1 kg, $0.17/100g",Rice,/p/21163436_EA
Long Grain Parboiled Rice,$45.99 ,$45.99 ,"18.1 kg, $0.25/100g",Rice,/p/20105237_EA
Smokey Flavour Red Beans & Rice,$3.79 ,$3.79 ,"240 g, $1.58/100g",Rice,/p/21405198_EA
Converted Rice,$3.79 ,$3.79 ,"250 g, $1.52/100g",Rice,/p/21405392_EA
Bistro Express Rice Side Dish Vegetable Medley Family Size,$5.49 ,$5.49 ,"490 g, $1.12/100g",Rice,/p/21535600_EA
Extra Fancy Long Grain White Rice Club Size,$14.99 ,$14.99 ,"8 kg, $0.19/100g",Rice,/p/20099988_EA
Wholegrain Brown Rice,$5.49 ,$5.49 ,"907 g, $0.61/100g",Rice,/p/21397432_EA
Asian Dragon Sweet Rice,$9.99 ,$9.99 ,"2 kg, $0.44/100g",Rice,/p/20182502_EA
Thai Sweet Rice,$14.99 ,$14.99 ,"4.54 kg, $0.33/100g",Rice,/p/20088208_EA
Cheddar & Jalapeno Flavour,$3.79 ,$3.79 ,"240 g, $1.58/100g",Rice,/p/21404840_EA
Smokey Flavour Red Beans & Rice,$3.79 ,$3.79 ,"240 g, $1.58/100g",Rice,/p/21405198_EA
Converted Rice,$3.79 ,$3.79 ,"250 g, $1.52/100g",Rice,/p/21405392_EA
Organic Rice Side Dish Basmati Rice ,$3.99 ,$3.99 ,"240 g, $1.66/100g",Rice,/p/21494288_EA
Side Dish Quinoa,$3.29 ,$3.29 ,"250 g, $1.32/100g",Rice,/p/21391400_EA
Southwest Style Brown Rice & Black Beans,$3.79 ,$3.79 ,"240 g, $1.58/100g",Rice,/p/21405207_EA
Quinoa Grains,$5.49 ,$6.49 ,"907 g, $0.61/100g",Rice,/p/20051508_EA
Basmati Rice,$12.49 ,$12.49 ,"1.8 kg, $0.69/100g",Rice,/p/21366990_EA
Medium Grain Calrose Rice,$7.49 ,$7.49 ,"2 kg, $0.37/100g",Rice,/p/20104287_EA
Brown Calrose Rice,$9.99 ,$9.99 ,"2.26 kg, $0.44/100g",Rice,/p/20021964_EA
Rice Long Grain,$5.29 ,$5.29 ,"2 kg, $0.26/100g",Rice,/p/21516558_EA
Rice Par Boiled Long Grain,$6.29 ,$6.29 ,"2 kg, $0.31/100g",Rice,/p/21515713_EA
Basmati Rice,$16.99 ,$16.99 ,"4 kg, $0.42/100g",Rice,/p/20896606_EA
Thai Jasmine Rice,$21.99 ,$21.99 ,"8.2 kg, $0.27/100g",Rice,/p/20705590_EA
White Jasmine Rice Coconut Flavour,$3.79 ,$3.79 ,"240 g, $1.58/100g",Rice,/p/21405268_EA
Aged Basmati Rice,$6.99 ,$6.99 ,"1.81 kg, $0.39/100g",Rice,/p/20839393_EA
Rice Par-Boiled Long Grain,$17.99 ,$17.99 ,"8 kg, $0.22/100g",Rice,/p/21507385_EA
Jambalaya Style Rice,$3.79 ,$3.79 ,"240 g, $1.58/100g",Rice,/p/21405139_EA
Wholegrain Brown Rice Roasted Chicken Flavour,$3.79 ,$3.79 ,"250 g, $1.52/100g",Rice,/p/21405462_EA
Long Grain Instant Rice,$11.49 ,$11.49 ,"2.6 kg, $0.44/100g",Rice,/p/20692785_EA
Long Grain Instant Rice,$6.29 ,$6.29 ,"1.4 kg, $0.45/100g",Rice,/p/21194990_EA
Tomato & Basil Flavour Rice,$4.79 ,$4.79 ,"397 g, $1.21/100g",Rice,/p/21397247_EA
Two Dragons Jasmine Rice,$17.99 ,$17.99 ,"8 kg, $0.22/100g",Rice,/p/20864858_EA
Brown Rice,$9.99 ,$9.99 ,"2 kg, $0.50/100g",Rice,/p/20873903_EA
Medium Grain Calrose Rice,$47.99 ,$47.99 ,"18 kg, $0.27/100g",Rice,/p/20827316_EA
Brown Rice,$10.99 ,$10.99 ,"2 kg, $0.55/100g",Rice,/p/20037468_EA
Long Grain Parboiled Rice,$13.99 ,$13.99 ,"4 kg, $0.35/100g",Rice,/p/20166138_EA
Calrose Rice,$22.99 ,$24.99 ,"6.8 kg, $0.34/100g",Rice,/p/20570505_EA
Rice,$9.99 ,$10.49 ,"2 kg, $0.50/100g",Rice,/p/21449907_EA
"Golden Phoenix, Thai Jasmine Rice",$7.49 ,$9.49 ,"2.27 kg, $0.33/100g",Rice,/p/20841904_EA
Fully Cooked Rice White Rice,$2.99 ,$2.99 ,"250 g, $1.20/100g",Rice,/p/21527233_EA
Calrose Rice ,$20.99 ,$22.99 ,"6.8 kg, $0.31/100g",Rice,/p/20218689_EA
Priya Basmati Rice,$14.99 ,$14.99 ,"3.63 kg, $0.41/100g",Rice,p/20582349_C01
Bistro Express Rice Side Dish Basmati Rice Family Size,$5.49 ,$5.49 ,"490 g, $1.12/100g",Rice,/p/21535577_EA
Organic Brown Jasmine Rice Cilantro & Lime Flavour ,$3.99 ,$3.99 ,"240 g, $1.66/100g",Rice,/p/21494284_EA
Extra Fancy Long Grain Rice,$16.99 ,$16.99 ,"8 kg, $0.21/100g",Rice,/p/20379211_EA
Daawat Sona Masoori Rice,$29.99 ,$29.99 ,"9.08 kg, $0.33/100g",Rice,/p/20758109_EA
Sona Masoori Medium Grain Rice,$32.99 ,$32.99 ,"9.07 kg, $0.36/100g",Rice,/p/21069877_EA
Organic Pure Basmati Rice,$6.49 ,$6.49 ,"908 g, $0.71/100g",Rice,/p/20875182_EA
Grain Side Dish Chinese Style Five Spice,$3.99 ,$3.99 ,"240 g, $1.66/100g",Rice,/p/21537156_EA
Jasmine,$4.99 ,$4.99 ,"500 g, $1.00/100g",Rice,/p/20696955_EA
Medium Grain Calrose Brown Rice,$24.99 ,$24.99 ,"8 kg, $0.31/100g",Rice,/p/20827319_EA
Chicken & Herb Flavour Rice,$4.79 ,$4.79 ,"397 g, $1.21/100g",Rice,/p/21397275_EA
Black Glutinous Rice,$7.99 ,$7.99 ,"2 kg, $0.40/100g",Rice,/p/21190836_EA
Lentils And Quinoa Blend Whole Grain Brown Rice,$3.29 ,$3.29 ,"250 g, $1.32/100g",Rice,/p/21392714_EA
Fried Rice Flavour Rice & Vermicelli Mix with Seasonings,$1.99 ,$1.99 ,"177 g, $1.12/100g",Rice,/p/20155580_EA
Basmati Rice     ,$15.99 ,$15.99 ,"3.63 kg, $0.44/100g",Rice,/p/20787290_EA
Green Sriracha Flavour,$3.79 ,$3.79 ,"240 g, $1.58/100g",Rice,/p/21405203_EA
Rice Calrose 4 kg,$16.99 ,$16.99 ,"4 kg, $0.42/100g",Rice,/p/21359814_EA
Whole Grain Instant Brown Rice,$6.29 ,$6.29 ,"1.2 kg, $0.52/100g",Rice,/p/21194778_EA
Garlic & Butter Flavour Rice,$4.79 ,$4.79 ,"397 g, $1.21/100g",Rice,/p/21397281_EA
Jasmine 10 Minute Rice,$4.79 ,$4.79 ,"460 g, $1.04/100g",Rice,/p/21397296_EA
Spanish Style Rice,$4.79 ,$4.79 ,"397 g, $1.21/100g",Rice,/p/21397259_EA
Two Dragons Jasmine Rice,$38.99 ,$38.99 ,"18.1 kg, $0.22/100g",Rice,/p/20977808_EA
Thai Sweet Rice,$5.49 ,$5.49 ,"2 kg, $0.27/100g",Rice,/p/20102054_EA
Creamy Cheddar Cheese Flavour,$3.79 ,$3.79 ,"240 g, $1.58/100g",Rice,/p/21404882_EA
Tomato & Herb Flavour,$3.79 ,$3.79 ,"250 g, $1.52/100g",Rice,/p/21405439_EA
Legendary Rice Coconut Basmati Rice,$2.99 ,$2.99 ,"250 g, $1.20/100g",Rice,/p/21009160_EA
New Treasure Long Grain Parboiled Rice,$17.99 ,$17.99 ,"8 kg, $0.22/100g",Rice,/p/20118067_EA
Rice Side Dish Organic Quinoa & Brown Rice with Sea Salt ,$3.99 ,$3.99 ,"240 g, $1.66/100g",Rice,/p/21494271_EA
Roasted Garlic & Herb Quinoa,$3.79 ,$3.79 ,"225 g, $1.68/100g",Rice,/p/20654253_EA
Wild Rice,$6.49 ,$6.49 ,"250 g, $2.60/100g",Rice,/p/21081617_EA
Sambal Chili Flavour,$3.79 ,$3.79 ,"240 g, $1.58/100g",Rice,/p/21405396_EA
Side Dish Brown Rice,$3.29 ,$3.29 ,"250 g, $1.32/100g",Rice,/p/21391395_EA
Grain Side Dish Tomato & Herbs,$3.99 ,$3.99 ,"240 g, $1.66/100g",Rice,/p/21537189_EA
Organic Jasmine Rice,$9.99 ,$9.99 ,"2 kg, $0.50/100g",Rice,/p/21300797_EA
Premium Basmati Rice,$19.99 ,$19.99 ,"4.54 kg, $0.44/100g",Rice,/p/20945638_EA
Side Dish Basmati Rice,$3.29 ,$3.29 ,"250 g, $1.32/100g",Rice,/p/21391403_EA
Rice Fragrant,$23.99 ,$26.99 ,"7 kg, $0.34/100g",Rice,p/21206686_C01
Indian Basmati Rice,$11.99 ,$11.99 ,"3.64 kg, $0.33/100g",Rice,/p/20059642_EA
Organic Quinoa & Brown Rice With Garlic Flavour ,$3.99 ,$3.99 ,"240 g, $1.66/100g",Rice,/p/21494290_EA
Homestyle Chicken Flavour & Wild Rice,$1.99 ,$1.99 ,"132 g, $1.51/100g",Rice,/p/21397412_EA
Long Grain & Wild Rice Roasted Garlic Flavour,$3.79 ,$3.79 ,"250 g, $1.52/100g",Rice,/p/21405191_EA
Basmati Rice,$7.99 ,$7.99 ,"907 g, $0.88/100g",Rice,/p/21365937_EA
Quick Cook Perfection,$7.99 ,$7.99 ,"1.6 kg, $0.50/100g",Rice,/p/21397514_EA
Grain Side Dish Smoky Southwest Style,$3.99 ,$3.99 ,"240 g, $1.66/100g",Rice,/p/21537384_EA
Basmati Coconut Lemongrass & Chili Flavour,$3.79 ,$3.79 ,"240 g, $1.58/100g",Rice,/p/21404896_EA
Basmati,$4.99 ,$4.99 ,"500 g, $1.00/100g",Rice,/p/20695766_EA
Lime & Cilantro Basmati Rice,$2.99 ,$2.99 ,"250 g, $1.20/100g",Rice,/p/21106568_EA
Jasmine Rice     ,$6.49 ,$6.49 ,"900 g, $0.72/100g",Rice,/p/21035720_EA
Brown Basmati Rice,$6.99 ,$6.99 ,"1.81 kg, $0.39/100g",Rice,/p/20839413_EA
Golden Phoenix Thai Jasmine Rice,$19.99 ,$22.99 ,"8 kg, $0.24/100g",Rice,/p/20379961_EA
Grain Side Dish Caribbean Style,$3.99 ,$3.99 ,"240 g, $1.66/100g",Rice,/p/21537379_EA
Yellow Rice,$4.19 ,$4.19 ,"226 g, $1.85/100g",Rice,/p/21081755_EA
Wholegrain Basmati Rice,$11.99 ,$11.99 ,"1.81 kg, $0.66/100g",Rice,/p/20436365_EA
Korean BBQ Flavour,$3.79 ,$3.79 ,"240 g, $1.58/100g",Rice,/p/21404864_EA
Rice Long Grain,$17.99 ,$17.99 ,"8 kg, $0.22/100g",Rice,/p/21507384_EA
Thai Jasmine Rice,$19.99 ,$19.99 ,"8 kg, $0.25/100g",Rice,/p/21496274_EA
Mexican Style Rice,$4.79 ,$4.79 ,"397 g, $1.21/100g",Rice,/p/21397562_EA
Parboiled Rice,$4.99 ,$4.99 ,"1.5 kg, $0.33/100g",Rice,/p/20109610_EA
Parboiled Rice,$8.99 ,$8.99 ,"4 kg, $0.22/100g",Rice,/p/20569736_EA
"a New Orleans Tradition, Jambalaya Mix",$2.69 ,$2.69 ,"227 g, $1.19/100g",Rice,20119187001_EA
Italian Style Rice,$4.49 ,$4.49 ,"750 g, $0.60/100g",Rice,20076569002_EA
Converted Rice,$5.49 ,$5.49 ,"907 g, $0.61/100g",Rice,/p/21397358_EA
Egyptian Rice Camolino,$17.99 ,$17.99 ,"4.534 kg, $0.40/100g",Rice,/p/21448227_EA
Organic Mixed Thai Rice,$12.49 ,$12.49 ,"2 kg, $0.62/100g",Rice,/p/21300686_EA
Mexican Rice,$4.19 ,$4.19 ,"226 g, $1.85/100g",Rice,/p/21081757_EA
Jasmine White Scented Rice,$29.99 ,$29.99 ,"8 kg, $0.37/100g",Rice,/p/21433099_EA
Long Grain & Wild Rice,$4.49 ,$4.49 ,"450 g, $1.00/100g",Rice,/p/20147765_EA
"Calrose Rice, Premium Sushi Rice  ",$59.99 ,$59.99 ,"18.1 kg, $0.33/100g",Rice,/p/20595327_EA
California Brown Rice,$5.49 ,$6.99 ,"907 g, $0.61/100g",Rice,/p/21447882_EA
Basmati 10 Minute Rice,$4.79 ,$4.79 ,"400 g, $1.20/100g",Rice,/p/21397305_EA
Royal Long Grain Rice,$4.99 ,$4.99 ,"900 g, $0.55/100g",Rice,/p/21310824_EA
Parmesan & Butter Flavour Rice,$4.79 ,$4.79 ,"397 g, $1.21/100g",Rice,/p/21397245_EA
Sticky Brown Rice,$3.49 ,$3.49 ,"750 g, $0.47/100g",Rice,/p/20962962_EA
Whole Grain Instant Brown Rice,$4.99 ,$4.99 ,"600 g, $0.83/100g",Rice,/p/20280778_EA
Millet,$8.99 ,$8.99 ,"2 kg, $0.45/100g",Rice,/p/21047837_EA
Country Chicken Flavour Rice,$1.99 ,$1.99 ,"132 g, $1.51/100g",Rice,/p/21397290_EA
Organic Rice Side Dish Jasmine Rice ,$3.99 ,$3.99 ,"240 g, $1.66/100g",Rice,/p/21494289_EA
Extra Long Basmati Rice,$19.99 ,$19.99 ,"4 kg, $0.50/100g",Rice,/p/21341987_EA
New Treasure Long Grain Patna Rice,$17.99 ,$17.99 ,"8 kg, $0.22/100g",Rice,/p/20050946_EA
Grand Extra Basmati Rice,$21.99 ,$21.99 ,"4.54 kg, $0.48/100g",Rice,/p/20795464_EA
Chicken Flavour Rice & Vermicelli Mix with Chicken Broth & Herbs,$1.99 ,$1.99 ,"227 g, $0.88/100g",Rice,/p/20670298_EA
Rice Basmati Format Maxi,$11.99 ,$11.99 ,"1.6 kg, $0.75/100g",Rice,/p/21284743_EA
Basmati Rice,$15.48 ,$15.48 ,"4.54 kg, $0.34/100g",Rice,/p/20139290_EA
Scented Jasmine Rice ,$48.99 ,$48.99 ,"18.1 kg, $0.27/100g",Rice,/p/20157222_EA
Pure White Vinegar ,$2.49 ,$2.49 ,"4 l, $0.06/100ml",Oils & Vinegar,/p/20102756_EA
100% Pure Canola Oil,$9.99 ,$9.99 ,"3 l, $0.33/100ml",Oils & Vinegar,/p/20028656_EA
100% Extra Virgin Olive Oil,$7.29 ,$7.29 ,"750 ml, $0.97/100ml",Oils & Vinegar,/p/20047715_EA
Cold-Extracted Extra Virgin Olive Oil,$11.99 ,$12.99 ,"1 l, $1.20/100ml",Oils & Vinegar,/p/20081865_EA
Maple & Brown Sugar Flavour Instant Oatmeal,$3.49 ,$3.97 ,"344 g, $1.01/100g",Oils & Vinegar,/p/21190254_EA
100% Pure Vegetable Oil,$4.99 ,$4.99 ,"946 ml, $0.53/100ml",Oils & Vinegar,/p/20768660_EA
Apple Cider Vinegar,$1.99 ,$1.99 ,"500 ml, $0.40/100ml",Oils & Vinegar,/p/20051787_EA
Pure White Vinegar,$1.79 ,$1.79 ,"1 l, $0.18/100ml",Oils & Vinegar,/p/20060473_EA
Pure Sesame Oil,$3.59 ,$3.59 ,"185 ml, $1.94/100ml",Oils & Vinegar,/p/20187332_EA
Instant Oatmeal 3 Flavour Variety Pack,$3.49 ,$3.97 ,"314 g, $1.11/100g",Oils & Vinegar,/p/21190260_EA
Cooking Spray,$5.99 ,$5.99 ,"170 g, $3.52/100g",Oils & Vinegar,20178204001_EA
Pure Olive Oil,$6.99 ,$6.99 ,"750 ml, $0.93/100ml",Oils & Vinegar,20160496002_EA
Delyssa Premium Extra Virgin Olive Oil,$13.99 ,$13.99 ,"1 l, $1.40/100ml",Oils & Vinegar,/p/20729461_EA
Apple Cider Vinegar,$2.49 ,$2.49 ,"1 l, $0.25/100ml",Oils & Vinegar,/p/21466969_EA
Apples & Cinnamon Instant Oatmeal,$3.49 ,$3.97 ,"264 g, $1.32/100g",Oils & Vinegar,/p/21190251_EA
Cold-Pressed Extra Virgin Olive Oil Spray,$4.29 ,$4.29 ,"155 ml, $2.77/100ml",Oils & Vinegar,/p/21093990_EA
1 Leaf Balsamic Vinegar of Modena,$4.29 ,$4.29 ,"500 ml, $0.86/100ml",Oils & Vinegar,/p/20052442_EA
Seasoned Rice Vinegar,$4.99 ,$4.99 ,"500 ml, $1.00/100ml",Oils & Vinegar,/p/20127442_EA
Red Wine Vinegar,$1.69 ,$1.69 ,"500 ml, $0.34/100ml",Oils & Vinegar,/p/20010471_EA
100% Pure Canola Oil,$4.99 ,$4.99 ,"946 ml, $0.53/100ml",Oils & Vinegar,/p/20103423_EA
100% Pure Canola Oil,$3.99 ,$3.99 ,"473 ml, $0.84/100ml",Oils & Vinegar,/p/20130604_EA
Pickling Vinegar     ,$4.49 ,$4.49 ,"4 l, $0.11/100ml",Oils & Vinegar,/p/21313560_EA
Light Tasting Pure Olive Oil,$6.99 ,$6.99 ,"750 ml, $0.93/100ml",Oils & Vinegar,20160496001_EA
Rich Taste-Extra Virgin Olive Oil,$15.99 ,$15.99 ,"1 l, $1.60/100ml",Oils & Vinegar,20156182001_EA
Pure Sesame Oil,$6.49 ,$6.99 ,"443 ml, $1.46/100ml",Oils & Vinegar,/p/20165080_EA
Canola Oil Cooking Spray,$7.49 ,$7.49 ,"400 g, $1.87/100g",Oils & Vinegar,/p/20426424_EA
The Natural Vinegar,$3.79 ,$3.79 ,"4 l, $0.09/100ml",Oils & Vinegar,/p/20149137_EA
"Delicato, Cold Extracted Extra Virgin Olive Oil  ",$11.99 ,$12.99 ,"1 l, $1.20/100ml",Oils & Vinegar,/p/21401612_EA
Red Wine Vinegar,$4.99 ,$4.99 ,"500 ml, $1.00/100ml",Oils & Vinegar,20114879001_EA
Extra Light Taste Olive Oil,$15.99 ,$15.99 ,"1 l, $1.60/100ml",Oils & Vinegar,20000207001_EA
Apple Cider Vinegar,$4.99 ,$4.99 ,"4 l, $0.12/100ml",Oils & Vinegar,/p/21180324_EA
Cooking Spray with Olive Oil,$5.99 ,$5.99 ,"141 g, $4.25/100g",Oils & Vinegar,20315275001_EA
White Wine Vinegar,$4.99 ,$4.99 ,"500 ml, $1.00/100ml",Oils & Vinegar,20114879002_EA
Pure Sesame Oil,$5.99 ,$6.49 ,"370 ml, $1.62/100ml",Oils & Vinegar,/p/20287680_EA
Cold-Extracted Extra Virgin Olive Oil,$8.99 ,$8.99 ,"500 ml, $1.80/100ml",Oils & Vinegar,/p/20162539_EA
Extra Virgin Avocado Oil ,$12.99 ,$12.99 ,"500 ml, $2.60/100ml",Oils & Vinegar,/p/20332066_EA
Canola Oil,$43.99 ,$43.99 ,"16 l, $0.27/100ml",Oils & Vinegar,/p/20153670_EA
Pure Sesame Oil    ,$2.99 ,$3.49 ,"185 ml, $1.62/100ml",Oils & Vinegar,/p/20112073_EA
Rice Vinegar Mild and Mellow,$3.69 ,$3.69 ,"355 ml, $1.04/100g",Oils & Vinegar,/p/21520713_EA
Malt Vinegar,$1.49 ,$1.49 ,"500 ml, $0.30/100ml",Oils & Vinegar,/p/20012421_EA
Canola Oil Spray,$4.29 ,$4.29 ,"170 ml, $2.52/100ml",Oils & Vinegar,/p/21088806_EA
Vegetable Oil Soybean Oil,$10.49 ,$10.49 ,"1.18 l, $0.89/100ml",Oils & Vinegar,/p/21528433_EA
Organic Apple Cider Vinegar,$5.99 ,$5.99 ,"500 ml, $1.20/100ml",Oils & Vinegar,/p/21060214_EA
Roasted Garlic Olive Oil,$6.99 ,$6.99 ,"250 ml, $2.80/100ml",Oils & Vinegar,/p/20326618_EA
Canola Oil,$9.29 ,$9.29 ,"1.18 l, $0.79/100ml",Oils & Vinegar,/p/21406116_EA
Cooking Spray,$4.99 ,$4.99 ,"110 g, $4.54/100g",Oils & Vinegar,/p/20312389_EA
Kalamata Extra Virgin Olive Oil,$24.99 ,$24.99 ,"3 l, $0.83/100ml",Oils & Vinegar,/p/20156179_EA
Vegetable Oil,$16.99 ,$16.99 ,"4 l, $0.42/100ml",Oils & Vinegar,/p/21022297_EA
Desi Ghee Small,$8.49 ,$8.49 ,"400 g, $2.12/100g",Oils & Vinegar,/p/20157906_EA
"Vinegar, Fig Flavoured Condiment with Balsamic  of Modena",$4.29 ,$4.29 ,"250 ml, $1.72/100ml",Oils & Vinegar,/p/20065552_EA
New World Evoo Extra Virgin Olive Oil,$14.99 ,$14.99 ,"1 l, $1.50/100ml",Oils & Vinegar,/p/20035326_EA
Vegetable Oil,$13.99 ,$13.99 ,"2.84 l, $0.49/100ml",Oils & Vinegar,/p/20750410_EA
Lion & Globe Peanut Oil,$9.99 ,$9.99 ,"1 l, $9.99/1ea",Oils & Vinegar,/p/20739508_EA
Desi Ghee Small,$8.49 ,$8.49 ,"400 g, $2.12/100g",Oils & Vinegar,/p/20157906_EA
Almond Oil,$4.99 ,$4.99 ,"237 ml, $2.11/100ml",Oils & Vinegar,/p/20871833_EA
"Vinegar, Fig Flavoured Condiment with Balsamic  of Modena",$4.29 ,$4.29 ,"250 ml, $1.72/100ml",Oils & Vinegar,/p/20065552_EA
New World Evoo Extra Virgin Olive Oil,$14.99 ,$14.99 ,"1 l, $1.50/100ml",Oils & Vinegar,/p/20035326_EA
Canola Oil,$13.99 ,$13.99 ,"2.84 l, $0.49/100ml",Oils & Vinegar,/p/20092556_EA
Oil,$8.99 ,$8.99 ,"1 l, $0.90/100ml",Oils & Vinegar,/p/20123482_EA
Modified Liquid Coconut Oil,$7.99 ,$7.99 ,"250 ml, $3.20/100ml",Oils & Vinegar,/p/20895961_EA
Extra Virgin Olive Oil,$14.49 ,$14.49 ,"750 ml, $1.93/100ml",Oils & Vinegar,/p/20572876_EA
"Rice Vinegar, Natural",$4.99 ,$4.99 ,"355 ml, $1.41/100ml",Oils & Vinegar,20182824001_EA
Pure Sesame Oil,$4.19 ,$4.19 ,"163 ml, $2.57/100ml",Oils & Vinegar,/p/20108456_EA
Lion & Globe Peanut Oil,$19.99 ,$19.99 ,"2 l, $10.00/1ea",Oils & Vinegar,/p/20739039_EA
Indian Mustard Oil ,$10.99 ,$10.99 ,"1 l, $1.10/100ml",Oils & Vinegar,/p/21251921_EA
Desi Ghee Medium,$15.99 ,$15.99 ,"800 g, $2.00/100g",Oils & Vinegar,/p/20082263_EA
Red Wine Vinegar,$5.99 ,$5.99 ,"500 ml, $1.20/100ml",Oils & Vinegar,/p/20934822_EA
Extra Virgin Olive Oil Organic Unfiltered,$12.49 ,$12.49 ,"500 ml, $2.50/100ml",Oils & Vinegar,/p/21045083_EA
Balsamic Glaze Strawberry Fig,$9.99 ,$9.99 ,"250 ml, $4.00/100ml",Oils & Vinegar,/p/20839095_EA
2 Leaf Balsamic Vinegar of Modena,$4.79 ,$4.79 ,"500 ml, $0.96/100ml",Oils & Vinegar,/p/20588612_EA
3 Leaf Balsamic Vinegar of Modena,$5.49 ,$5.49 ,"500 ml, $1.10/100ml",Oils & Vinegar,/p/20588167_EA
Aged Balsamic Vinegar of Modena,$23.29 ,$23.29 ,"250 ml, $9.32/100ml",Oils & Vinegar,/p/20416355_EA
Rich Taste-Extra Virgin Olive Oil,$27.99 ,$27.99 ,"2 l, $1.40/100ml",Oils & Vinegar,/p/20047915_EA
Extra Virgin Olive Oil,$12.99 ,$12.99 ,"750 ml, $1.73/100ml",Oils & Vinegar,/p/20021287_EA
Virgin Coconut Oil,$8.99 ,$8.99 ,"500 ml, $1.80/100ml",Oils & Vinegar,/p/20640509_EA
Desi Ghee,$27.99 ,$27.99 ,"1.59 kg, $1.76/100g",Oils & Vinegar,/p/20426304_EA
Mild Taste-Organic Extra Virgin Olive Oil,$15.99 ,$15.99 ,"750 ml, $2.13/100ml",Oils & Vinegar,/p/21278715_EA
Extra Virgin Olive Oil,$11.99 ,$11.99 ,"750 ml, $1.60/100ml",Oils & Vinegar,/p/20535096_EA
Coconut Oil,$4.99 ,$4.99 ,"500 ml, $1.00/100ml",Oils & Vinegar,/p/20983644_EA
Rich Taste-Organic Extra Virgin Olive Oil,$15.99 ,$15.99 ,"750 ml, $2.13/100ml",Oils & Vinegar,/p/21039665_EA
Liquid Modified Coconut Oil Spray,$4.29 ,$4.29 ,"120 ml, $3.58/100ml",Oils & Vinegar,/p/21088796_EA
Lite Rice Vinegar,$3.99 ,$3.99 ,"355 ml, $1.12/100ml",Oils & Vinegar,20137323001_EA
100% Italian Extra Virgin Olive Oil,$12.49 ,$12.49 ,"500 ml, $2.50/100ml",Oils & Vinegar,/p/21045115_EA
Desi Ghee Cooking Oil   ,$14.99 ,$14.99 ,"800 g, $1.87/100g",Oils & Vinegar,/p/20869886_EA
White Condiment with Balsamic Vinegar of Modena,$4.99 ,$4.99 ,"500 ml, $1.00/100ml",Oils & Vinegar,20145061003_EA
Sherry Cooking Wine,$5.99 ,$5.99 ,"500 ml, $1.20/100ml",Oils & Vinegar,20317972001_EA
White Cooking Wine,$5.99 ,$5.99 ,"500 ml, $1.20/100ml",Oils & Vinegar,20317972003_EA
"Vinegar, Raspberry Flavoured Red Wine  ",$4.99 ,$4.99 ,"500 ml, $1.00/100ml",Oils & Vinegar,/p/20307990_EA
Coconut Oil,$3.29 ,$3.29 ,"250 ml, $1.32/100ml",Oils & Vinegar,/p/20663102_EA
Corn Oil,$9.29 ,$9.29 ,"1.18 l, $0.79/100ml",Oils & Vinegar,/p/21406114_EA
Balsamic Glaze Cabernet Merlot,$9.99 ,$9.99 ,"250 ml, $4.00/100ml",Oils & Vinegar,/p/20839409_EA
100% Pure Canola Oil,$10.99 ,$10.99 ,"2.84 l, $0.39/100ml",Oils & Vinegar,/p/20330746_EA
No-Stick Cooking Spray Expeller Pressed Avocado Oil,$8.49 ,$8.49 ,"141 g, $6.02/100g",Oils & Vinegar,/p/21361505_EA
Canola Oil,$10.49 ,$10.49 ,"1.18 l, $0.89/100ml",Oils & Vinegar,/p/21528425_EA
Mid-Oleic Sunflower Oil,$17.99 ,$17.99 ,"2.84 l, $0.63/100ml",Oils & Vinegar,/p/21306355_EA
No-Stick Cooking Spray Cold Pressed Extra Virgin Olive Oil,$8.49 ,$8.49 ,"141 g, $6.02/100g",Oils & Vinegar,/p/21361501_EA
Canola Oil,$14.99 ,$14.99 ,"3 l, $0.50/100ml",Oils & Vinegar,/p/20071921_EA
Canola & Olive Oil Blend,$12.99 ,$12.99 ,"1.89 l, $0.69/100ml",Oils & Vinegar,/p/20169932_EA
Balsamic Vinegar,$4.29 ,$4.29 ,"500 ml, $0.86/100ml",Oils & Vinegar,/p/20174377_EA
100% Pure Peanut Oil,$7.99 ,$7.99 ,"946 ml, $0.84/100ml",Oils & Vinegar,/p/20127768_EA
Sunflower Oil,$9.79 ,$9.79 ,"1 l, $0.98/100ml",Oils & Vinegar,/p/20011230_EA
Extra Virgin Olive Oil Club Size,$29.99 ,$29.99 ,"3 l, $1.00/100ml",Oils & Vinegar,/p/20141395_EA
Chinkiang Vinegar,$1.99 ,$1.99 ,"554 ml, $0.36/100ml",Oils & Vinegar,/p/20137390_EA
Coconut Oil,$11.99 ,$11.99 ,"1000 ml, $1.20/100ml",Oils & Vinegar,/p/20861265_EA
White Wine Vinegar,$5.99 ,$5.99 ,"500 ml, $1.20/100ml",Oils & Vinegar,/p/20934797_EA
Cold-Pressed Extra Virgin Olive Oil,$36.99 ,$36.99 ,"3 l, $1.23/100ml",Oils & Vinegar,/p/20045250_EA
"Oils, Bold Taste Extra Virgin Olive Oil 1L",$15.99 ,$15.99 ,"1 l, $1.60/100ml",Oils & Vinegar,/p/21307106_EA
"Vinegar, Raspberry Flavoured Condiment with Balsamic  of Modena",$4.29 ,$4.29 ,"250 ml, $1.72/100ml",Oils & Vinegar,/p/20321109_EA
Balsamic Vinegar of Modena,$5.79 ,$5.79 ,"500 ml, $1.16/100ml",Oils & Vinegar,/p/20734818_EA
Rich Taste-Extra Virgin Olive Oil,$10.99 ,$10.99 ,"500 ml, $2.20/100ml",Oils & Vinegar,/p/20008702_EA
Stir-Fry Oil,$2.99 ,$2.99 ,"185 ml, $1.62/100ml",Oils & Vinegar,/p/20794822_EA
Spicy Stir-Fry Oil,$2.99 ,$2.99 ,"185 ml, $1.62/100ml",Oils & Vinegar,/p/20794720_EA
Grapeseed Oil,$17.99 ,$17.99 ,"1.5 l, $1.20/100ml",Oils & Vinegar,/p/20948448_EA
100% Pure First-Pressed Canola Oil,$8.99 ,$8.99 ,"1.42 l, $0.63/100ml",Oils & Vinegar,/p/20173374_EA
Red Wine Vinegar,$2.69 ,$2.69 ,"500 ml, $0.54/100ml",Oils & Vinegar,20319499001_EA
Vegetable Ghee Large,$13.99 ,$13.99 ,"2 kg, $0.70/100g",Oils & Vinegar,/p/20607119_EA
Indian Mustard Oil    ,$6.29 ,$6.29 ,"500 ml, $1.26/100ml",Oils & Vinegar,/p/21000535_EA
"Oils, Lion & Globe Peanut Oil, Extra Virgin",$9.99 ,$9.99 ,"900 ml, $1.11/100ml",Oils & Vinegar,/p/20739480_EA
Corn Oil,$13.99 ,$13.99 ,"2.84 l, $0.49/100ml",Oils & Vinegar,/p/20015260_EA
Grilling Cooking Spray,$5.99 ,$5.99 ,"141 g, $4.25/100g",Oils & Vinegar,20315275003_EA
Baking Spray,$5.99 ,$5.99 ,"141 g, $4.25/100g",Oils & Vinegar,20315275004_EA
Extra Light Taste Olive Oil,$10.99 ,$10.99 ,"500 ml, $2.20/100ml",Oils & Vinegar,20149531001_EA
Pure Olive Oil,$40.49 ,$40.49 ,"3 l, $1.35/100ml",Oils & Vinegar,/p/20089016_EA
Canola Oil,$8.99 ,$8.99 ,"1.42 l, $0.63/100ml",Oils & Vinegar,/p/20092594_EA
White Vinegar,$2.69 ,$2.69 ,"1 l, $0.27/100ml",Oils & Vinegar,/p/20023622_EA
Apple Cider Vinegar 1 L,$7.49 ,$7.49 ,"1 l, $0.75/100ml",Oils & Vinegar,/p/20029975_EA
Desi Ghee,$15.29 ,$15.29 ,"800 g, $1.91/100g",Oils & Vinegar,/p/20419253_EA
Lion Globe Peanut Canola Oil,$17.99 ,$17.99 ,"2 l, $9.00/1ea",Oils & Vinegar,/p/20739486_EA
Balsamic Glaze Classic,$9.99 ,$9.99 ,"250 ml, $4.00/100ml",Oils & Vinegar,/p/20839367_EA
Hibiscus Glaze with White Condiment ,$4.79 ,$4.79 ,"250 ml, $1.92/100ml",Oils & Vinegar,/p/21425046_EA
Mild Taste-Extra Virgin Olive Oil,$15.99 ,$15.99 ,"1 l, $1.60/100ml",Oils & Vinegar,20156182002_EA
Extra Virgin Olive Oil,$17.29 ,$17.29 ,"1 l, $1.73/100ml",Oils & Vinegar,/p/20617955_EA
Balsamic Vinegar of Modena,$4.99 ,$4.99 ,"500 ml, $1.00/100ml",Oils & Vinegar,/p/20175014_EA
Extra Virgin Olive Oil Delicate,$16.49 ,$16.49 ,"750 ml, $2.20/100ml",Oils & Vinegar,/p/21107840_EA
Extra Virgin Olive Oil,$17.99 ,$17.99 ,"1 l, $1.80/100ml",Oils & Vinegar,/p/20140235_EA
100% Pure Sunflower Oil,$7.49 ,$7.49 ,"946 ml, $0.79/100ml",Oils & Vinegar,/p/20099523_EA
100% Virgin Cold-Pressed Coconut Oil,$19.99 ,$19.99 ,"1.6 l, $1.25/100ml",Oils & Vinegar,/p/21001983_EA
Extra Virgin Olive Oil,$40.49 ,$40.49 ,"3 l, $1.35/100ml",Oils & Vinegar,/p/20157422_EA
Extra Virgin Olive Oil for Salads & Pesto,$16.49 ,$16.49 ,"750 ml, $2.20/100ml",Oils & Vinegar,/p/20010855_EA
Coconut Oil,$3.99 ,$3.99 ,"450 g, $0.80/100ml",Oils & Vinegar,/p/20765835_EA
Pure Olive Oil,$16.49 ,$16.49 ,"1 l, $1.65/100ml",Oils & Vinegar,/p/20099493_EA
100% Extra Virgin Olive Oil,$29.49 ,$29.49 ,"2 l, $1.47/100ml",Oils & Vinegar,/p/20716473_EA
100% Pure Corn Oil,$5.99 ,$5.99 ,"946 ml, $0.63/100ml",Oils & Vinegar,/p/20047430_EA
Pure Sesame Oil,$6.99 ,$6.99 ,"327 ml, $2.14/100ml",Oils & Vinegar,/p/20990809_EA
Balsamic Vinegar Of Modena,$6.99 ,$6.99 ,"500 ml, $1.40/100ml",Oils & Vinegar,/p/21337610_EA
100% Extra Virgin Olive Oil,$35.99 ,$35.99 ,"3 l, $1.20/100ml",Oils & Vinegar,/p/21338182_EA
Ghee Clarified Butter,$15.99 ,$15.99 ,"800 g, $2.00/100g",Oils & Vinegar,/p/21343487_EA
Delyssa Extra Virgin Olive Oil  ,$29.49 ,$29.49 ,"2 l, $1.47/100ml",Oils & Vinegar,/p/20717496_EA
100% Virgin Cold-Pressed Coconut Oil,$13.99 ,$13.99 ,"860 ml, $1.63/100ml",Oils & Vinegar,/p/20769132_EA
4 Leaf Balsamic Vinegar Of Modena,$11.99 ,$11.99 ,"250 ml, $4.80/100ml",Oils & Vinegar,/p/20588613_EA
Desi Ghee,$24.99 ,$24.99 ,"1.6 kg, $1.56/100g",Oils & Vinegar,/p/20181744_EA
Cooking Olive Oil,$15.99 ,$15.99 ,"1 l, $1.60/100ml",Oils & Vinegar,20000207002_EA
White Balsamic Vinegar,$4.29 ,$4.29 ,"500 ml, $0.86/100ml",Oils & Vinegar,/p/21075805_EA
Apple Cider Vinegar,$4.49 ,$4.49 ,"500 ml, $0.90/100ml",Oils & Vinegar,/p/21038244_EA
100% Pure Sunflower Oil,$19.99 ,$19.99 ,"3 l, $0.67/100ml",Oils & Vinegar,/p/20088927_EA
Tomato Ketchup,$5.49 ,$5.49 ,"1 l, $0.55/100ml",Condiments & Sauces,/p/20069080_EA
"Mayonnaise, Gluten-free",$6.49 ,$6.49 ,"890 ml, $0.73/100ml",Condiments & Sauces,20618579001_EA
100% Canadian Tomato Ketchup,$4.49 ,$4.49 ,"1 l, $0.45/100ml",Condiments & Sauces,/p/20835951_EA
Tomato Ketchup,$5.49 ,$5.49 ,"750 ml, $0.73/100ml",Condiments & Sauces,20115102001_EA
Maple & Brown Sugar Flavour Instant Oatmeal,$3.49 ,$3.97 ,"344 g, $1.01/100g",Condiments & Sauces,/p/21190254_EA
"Mayonnaise condiment for salads, burgers, gluten-free, kosher",$6.49 ,$6.49 ,"750 ml, $0.87/100ml",Condiments & Sauces,/p/21518360_EA
Miracle Whip Original Spread,$5.29 ,$5.29 ,"890 ml, $0.59/100ml",Condiments & Sauces,20298681001_EA
Rancher's Choice Dressing,$3.79 ,$3.79 ,"475 ml, $0.80/100ml",Condiments & Sauces,20628297010_EA
Yellow Mustard,$1.49 ,$1.49 ,"400 ml, $0.37/100ml",Condiments & Sauces,/p/20162036_EA
Instant Oatmeal 3 Flavour Variety Pack,$3.49 ,$3.97 ,"314 g, $1.11/100g",Condiments & Sauces,/p/21190260_EA
Caesar Croutons,$2.49 ,$2.49 ,"145 g, $1.72/100g",Condiments & Sauces,/p/21096223_EA
Classic Yellow Mustard,$2.79 ,$2.79 ,"400 ml, $0.70/100ml",Condiments & Sauces,/p/20083238_EA
Garlic and Butter Flavour Sourdough Style Croutons,$4.29 ,$4.29 ,"140 g, $3.06/100g",Condiments & Sauces,20796248001_EA
Fully Cooked Real Bacon Bits,$4.49 ,$4.49 ,"85 g, $5.28/100g",Condiments & Sauces,/p/20159354_EA
Apples & Cinnamon Instant Oatmeal,$3.49 ,$3.97 ,"264 g, $1.32/100g",Condiments & Sauces,/p/21190251_EA
"Dry Sauce Mix, Brown Gravy",$1.49 ,$1.49 ,"25 g, $5.96/100g",Condiments & Sauces,20302816001_EA
100% Canadian Tomato Ketchup,$4.49 ,$4.49 ,"750 ml, $0.60/100ml",Condiments & Sauces,/p/20835068_EA
Less Sodium Soy Sauce,$1.99 ,$1.99 ,"450 ml, $0.44/100ml",Condiments & Sauces,20324462001_EA
Caesar Flavour Sourdough Style Croutons,$4.29 ,$4.29 ,"140 g, $3.06/100g",Condiments & Sauces,20796248002_EA
Mayonnaise,$4.99 ,$4.99 ,"890 ml, $0.56/100ml",Condiments & Sauces,20627614002_EA
Mayonnaise Type Dressing condiment Light 1/2 Fat,$6.49 ,$6.49 ,"890 ml, $0.73/100ml",Condiments & Sauces,20618579002_EA
Sweet Green Relish,$1.69 ,$1.69 ,"375 ml, $0.45/100ml",Condiments & Sauces,20174360002_EA
Tomato Ketchup,$3.99 ,$3.99 ,"375 ml, $1.06/100ml",Condiments & Sauces,/p/20128881_EA
Tomato Ketchup,$3.29 ,$3.29 ,"1 l, $0.33/100ml",Condiments & Sauces,/p/20102426_EA
Tomato Ketchup,$6.79 ,$6.79 ,"1.5 l, $0.45/100ml",Condiments & Sauces,/p/20110556_EA
Mighty Caesar Salad Dressing,$7.99 ,$7.99 ,"750 ml, $1.07/100ml",Condiments & Sauces,/p/20556299_EA
Marinade - Teriyaki Sauce,$3.47 ,$3.47 ,"355 ml, $0.98/100ml",Condiments & Sauces,20308726001_EA
Ranch Dressing,$2.79 ,$2.79 ,"475 ml, $0.59/100ml",Condiments & Sauces,20628489003_EA
Tomato Ketchup,$4.49 ,$4.49 ,"1 l, $0.45/100ml",Condiments & Sauces,/p/20090124_EA
"Hot Sauce, Original Cayenne Pepper",$4.99 ,$4.99 ,"354 ml, $1.41/100ml",Condiments & Sauces,20187632001_EA
Soy Sauce,$3.49 ,$3.49 ,"483 ml, $0.72/100ml",Condiments & Sauces,/p/20072045_EA
Soy Sauce,$1.99 ,$1.99 ,"450 ml, $0.44/100ml",Condiments & Sauces,20324462002_EA
Mayonnaise Olive Oil,$6.49 ,$6.49 ,"750 ml, $0.87/100ml",Condiments & Sauces,/p/21518363_EA
"Mayonnaise Type Dressing condiment for fries, burgers, salads Light ½ Fat ",$6.49 ,$6.49 ,"750 ml, $0.87/100ml",Condiments & Sauces,/p/21518361_EA
Greek Feta and Oregano Dressing,$3.79 ,$3.79 ,"475 ml, $0.80/100ml",Condiments & Sauces,20308368001_EA
Caesar Dressing,$5.49 ,$5.49 ,"355 ml, $1.55/100ml",Condiments & Sauces,/p/20314592_EA
Seasoned Croutons,$2.49 ,$2.49 ,"145 g, $1.72/100g",Condiments & Sauces,/p/21096226_EA
Old-Fashioned Dijon Mustard,$2.49 ,$2.49 ,"325 ml, $0.77/100ml",Condiments & Sauces,20050452001_EA
Mayonnaise for sandwiches and salads Olive Oil gluten-free,$6.49 ,$6.49 ,"890 ml, $0.73/100ml",Condiments & Sauces,20627339002_EA
"Mayonnaise for sandwiches, salads, and burgers Real gluten-free and kosher",$9.99 ,$9.99 ,"1.42 l, $0.70/100ml",Condiments & Sauces,20173154002_EA
Classic Yellow Mustard,$3.79 ,$3.79 ,"550 ml, $0.69/100ml",Condiments & Sauces,/p/20170862_EA
"BBQ Sauce, Original",$3.99 ,$3.99 ,"425 ml, $0.94/100ml",Condiments & Sauces,20316609001_EA
Bold Original BBQ Sauce,$2.99 ,$2.99 ,"425 ml, $0.70/100ml",Condiments & Sauces,20547834005_EA
Crispy Onions,$4.99 ,$4.99 ,"170 g, $2.94/100g",Condiments & Sauces,/p/21163009_EA
Hoisin Squeeze Sauce,$2.79 ,$3.29 ,"443 ml, $0.63/100ml",Condiments & Sauces,/p/20045048_EA
"Dijon Mustard, Original",$2.99 ,$2.99 ,"325 ml, $0.92/100ml",Condiments & Sauces,20318504001_EA
Mayonnaise Made With Extra Virgin Olive Oil,$5.79 ,$5.79 ,"890 ml, $0.65/100ml",Condiments & Sauces,/p/20769626_EA
Plum Dipping Sauce,$3.47 ,$3.47 ,"341 ml, $1.02/100ml",Condiments & Sauces,/p/20984013_EA
"Mayonnaise Ideal with fries, burgers and salads Real",$5.49 ,$5.49 ,"445 ml, $1.23/100ml",Condiments & Sauces,20008233001_EA
Creamy Caesar Dressing,$3.79 ,$3.79 ,"475 ml, $0.80/100ml",Condiments & Sauces,20628297004_EA
Prepared Yellow Mustard,$1.89 ,$1.89 ,"550 ml, $0.34/100ml",Condiments & Sauces,/p/21457728_EA
"BBQ Sauce, Original",$2.49 ,$2.49 ,"455 ml, $0.55/100ml",Condiments & Sauces,20627619007_EA
Dressing And Dip Mighty Caesar,$5.49 ,$5.49 ,"355 ml, $1.55/100ml",Condiments & Sauces,/p/20316056_EA
Sweet Green Relish,$2.99 ,$2.99 ,"375 ml, $0.80/100ml",Condiments & Sauces,20160057003_EA
Light Ranch Dressing,$2.79 ,$2.79 ,"475 ml, $0.59/100ml",Condiments & Sauces,20307707005_EA
Souvlaki Marinade ,$4.99 ,$4.99 ,"350 ml, $1.43/100ml",Condiments & Sauces,20319611001_EA
"Peri Peri Sauce, Hot",$6.99 ,$6.99 ,"250 ml, $2.80/100ml",Condiments & Sauces,/p/21004222_EA
"Seasoning Mix, Spaghetti",$1.49 ,$1.49 ,"43 g, $3.47/100g",Condiments & Sauces,20323721008_EA
"Seasoning Mix, Shepherd's Pie",$1.49 ,$1.49 ,"47 g, $3.17/100g",Condiments & Sauces,20323721011_EA
Memories of Kobe Tamari Garlic Sauce ,$5.49 ,$5.49 ,"350 ml, $1.57/100ml",Condiments & Sauces,/p/20620116_EA
Seasoning Mix Superburger,$1.49 ,$1.49 ,"25 g, $5.96/100g",Condiments & Sauces,20323721009_EA
Sugar Free Original BBQ Sauce,$6.99 ,$6.99 ,"490 ml, $1.43/100ml",Condiments & Sauces,/p/21096276_EA
Sweet Applewood Mustard Spread,$3.99 ,$3.99 ,"325 ml, $1.23/100ml",Condiments & Sauces,/p/21432854_EA
"Frites Sauce for fries Spicy Chipotle, gluten free",$5.99 ,$5.99 ,"325 ml, $1.84/100ml",Condiments & Sauces,/p/21236893_EA
Mild Wings Sauce,$4.99 ,$4.99 ,"354 ml, $1.41/100ml",Condiments & Sauces,/p/21433246_EA
"Sauce Mix, BBQ",$2.29 ,$2.29 ,"57 g, $4.02/100g",Condiments & Sauces,20307695001_EA
Mayonnaise Style Dressing Perinaise Mild,$6.49 ,$6.49 ,"450 ml, $1.44/100ml",Condiments & Sauces,/p/21366089_EA
Jerk Barbecue Sauce,$5.49 ,$5.49 ,"465 ml, $1.18/100ml",Condiments & Sauces,/p/20652637_EA
"Balsamic Vinaigrette, Calorie Wise",$3.79 ,$3.79 ,"475 ml, $0.80/100ml",Condiments & Sauces,20627701001_EA
Beef Bouillon Concentrate,$5.29 ,$5.29 ,"250 ml, $2.12/100ml",Condiments & Sauces,/p/21377033_EA
"Dry Sauce Mix, Alfredo",$2.29 ,$2.29 ,"30 g, $7.63/100g",Condiments & Sauces,20297634001_EA
Honey Dijon Vinaigrette Salad Dressing,$5.49 ,$5.49 ,"350 ml, $1.57/100ml",Condiments & Sauces,/p/20113303_EA
Premium Oyster Sauce,$5.99 ,$6.49 ,"510 g, $1.17/100g",Condiments & Sauces,/p/20146186_EA
Ground Chili Paste With Extra Garlic Sambal Oelek,$6.99 ,$6.99 ,"495 g, $1.41/100g",Condiments & Sauces,/p/21531421_EA
Lightly Buttered Flavour Sourdough Croutons,$4.29 ,$4.29 ,"140 g, $3.06/100g",Condiments & Sauces,20796248004_EA
"Dry Sauce Mix, Homestyle Gravy",$1.49 ,$1.49 ,"38 g, $3.92/100g",Condiments & Sauces,/p/21083392_EA
Concentrated Bouillon Chicken ,$6.99 ,$6.99 ,"250 ml, $2.80/100ml",Condiments & Sauces,/p/21290143_EA
Olival Black Olives,$3.99 ,$3.99 ,"450 g, $0.89/100g",Condiments & Sauces,/p/20699598_EA
"Buffalo Wing Sauce, Mild",$4.29 ,$4.29 ,"354 ml, $1.21/100ml",Condiments & Sauces,20319663002_EA
Creamy Cucumber Dressing,$2.79 ,$2.79 ,"475 ml, $0.59/100ml",Condiments & Sauces,20307707002_EA
Bacon and Maple Barbecue Sauce,$3.49 ,$3.49 ,"500 ml, $0.70/100ml",Condiments & Sauces,/p/21021473_EA
"Dry Sauce Mix, Poutine Gravy",$1.49 ,$1.49 ,"42 g, $3.55/100g",Condiments & Sauces,20323504001_EA
Memories Of Szechwan Mild Peanut Satay Sauce,$5.49 ,$5.49 ,"350 ml, $1.57/100ml",Condiments & Sauces,20311313005_EA
Cucumber Dill Dressing,$5.49 ,$5.49 ,"355 ml, $1.55/100ml",Condiments & Sauces,/p/20318199_EA
Italian Dressing,$4.99 ,$4.99 ,"473 ml, $1.05/100ml",Condiments & Sauces,/p/21085932_EA
Mayonnaise Style Dressing Perinaise Garlic,$6.49 ,$6.49 ,"450 ml, $1.44/100ml",Condiments & Sauces,/p/21366575_EA
So Juicy Herbs    ,$2.99 ,$2.99 ,"34 g, $8.79/100g",Condiments & Sauces,/p/21206701_EA
Hot Pepper Sauce,$6.49 ,$6.49 ,"750 ml, $0.87/100ml",Condiments & Sauces,/p/20773111_EA
Ranch Dressing,$5.49 ,$5.49 ,"355 ml, $1.55/100ml",Condiments & Sauces,/p/20768159_EA
Smokin Habanero Barbecue Sauce,$3.49 ,$3.49 ,"500 ml, $0.70/100ml",Condiments & Sauces,/p/21021456_EA
"International Roast Gravy Sauce Mix, 25% Less Salt",$2.29 ,$2.29 ,"32 g, $7.16/100g",Condiments & Sauces,20321601008_EA
Bold & Spicy Deli Mustard,$2.99 ,$2.99 ,"325 ml, $0.92/100ml",Condiments & Sauces,20318504002_EA
Sauce Hanch ,$4.99 ,$4.99 ,"362 ml, $1.38/100ml",Condiments & Sauces,/p/21378061_EA
Gravy Mix Turkey Classic Roast ,$2.29 ,$2.29 ,"30 g, $7.63/100g",Condiments & Sauces,20307866004_EA
Calorie Wise Greek Feta and Oregano Dressing,$3.79 ,$3.79 ,"475 ml, $0.80/100ml",Condiments & Sauces,20317583001_EA
Sweet with Heat Mustard,$2.49 ,$2.49 ,"325 ml, $0.77/100ml",Condiments & Sauces,20050452002_EA
Caesar With Bacon Dressing,$3.49 ,$3.49 ,"475 ml, $0.73/100ml",Condiments & Sauces,20628488002_EA
Homestyle Ranch Dressing,$5.49 ,$5.49 ,"355 ml, $1.55/100ml",Condiments & Sauces,/p/20299161_EA
Memories of Mexico Al Pastor Marinade,$5.49 ,$5.49 ,"350 ml, $1.57/100ml",Condiments & Sauces,/p/21396104_EA
Bovril Bouillon Concentrate Beef,$8.99 ,$8.99 ,"500 ml, $1.80/100ml",Condiments & Sauces,20024953002_EA
Oil and Vinegar Salad Dressing,$3.79 ,$3.79 ,"475 ml, $0.80/100ml",Condiments & Sauces,/p/21102853_EA
Chow Style Chili,$4.99 ,$5.99 ,"205 g, $2.43/100g",Condiments & Sauces,/p/21367021_EA
Hot Red Pepper Jelly,$3.99 ,$3.99 ,"250 ml, $1.60/100ml",Condiments & Sauces,/p/20099627_EA
Mild Seafood Sauce,$2.99 ,$2.99 ,"250 ml, $1.20/100ml",Condiments & Sauces,20023348002_EA
Instant Stock Mix for a great flavour Beef in a practical packaging ,$3.49 ,$3.99 ,"175 g, $1.99/100g",Condiments & Sauces,20311529002_EA
Ketchup Style Sauce,$4.29 ,$4.29 ,"750 ml, $0.57/100ml",Condiments & Sauces,/p/20337586_EA
Front Street Fire Hot Sauce,$9.99 ,$9.99 ,"296 ml, $3.38/100ml",Condiments & Sauces,/p/21404472_EA
Tomato Ketchup,$4.49 ,$4.49 ,"750 ml, $0.60/100ml",Condiments & Sauces,/p/20131845_EA
Zesty Garlic Croutons,$4.29 ,$4.29 ,"140 g, $3.06/100g",Condiments & Sauces,20796248003_EA
Spiced Maple Marinade Grilling Organic,$3.49 ,$3.49 ,"35 g, $9.97/100g",Condiments & Sauces,/p/21408946_EA
"Peri Peri Sauce, Garlic",$6.99 ,$6.99 ,"250 ml, $2.80/100ml",Condiments & Sauces,/p/21005214_EA
Refrigerated Spring Herb Vinaigrette,$4.99 ,$4.99 ,"350 ml, $1.43/100ml",Condiments & Sauces,/p/21183320_EA
Tangy Dill Relish,$3.49 ,$3.49 ,"375 ml, $0.93/100ml",Condiments & Sauces,20315840001_EA
Tartar Sauce,$3.49 ,$3.49 ,"250 ml, $1.40/100ml",Condiments & Sauces,/p/20011012_EA
"Dressing & Dip Homestyle Ranch, Family Size",$6.99 ,$6.99 ,"591 ml, $1.18/100ml",Condiments & Sauces,/p/21185324_EA
Honey Dijon Mustard,$2.49 ,$2.49 ,"325 ml, $0.77/100ml",Condiments & Sauces,20050452003_EA
Extra Butter Microwave Popcorn - 3 Pack,$2.99 ,$2.99 ,"255 g, $1.17/100g",Condiments & Sauces,/p/21305856_EA
Rich Brown Gravy Mix,$5.29 ,$5.29 ,"227 g, $2.33/100g",Condiments & Sauces,20136091001_EA
Bovril Concentrated Liquid Stock Chicken in a practical bottle,$5.99 ,$5.99 ,"250 ml, $2.40/100ml",Condiments & Sauces,20296824004_EA
"Creamy Caesar Dressing, Calorie Wise",$3.79 ,$3.79 ,"475 ml, $0.80/100ml",Condiments & Sauces,20628042003_EA
Sesame Oil,$5.99 ,$6.49 ,"150 ml, $3.99/100ml",Condiments & Sauces,/p/20792904_EA
Plum Sauce,$3.79 ,$3.79 ,"750 ml, $0.51/100ml",Condiments & Sauces,/p/20052738_EA
General Tao Stir Fry Sauce,$1.99 ,$2.29 ,"140 ml, $1.42/100ml",Condiments & Sauces,20708549003_EA
Moroccan Tajine Cooking Sauce,$5.79 ,$5.79 ,"400 ml, $1.45/100ml",Condiments & Sauces,/p/21427716_EA
Thai Red Curry Cooking Sauce Kit 3 Step,$4.99 ,$5.49 ,"253 g, $1.97/100g",Condiments & Sauces,/p/21006291_EA
Less Sodium Soy Sauce,$6.49 ,$6.49 ,"295 ml, $2.19/100ml",Condiments & Sauces,/p/20015907_EA
Tikka Masala Curry Paste,$6.49 ,$6.49 ,"284 ml, $2.29/100ml",Condiments & Sauces,/p/21105338_EA
Stir-Fry Sauce -  Orange Ginger,$3.47 ,$3.47 ,"355 ml, $0.98/100ml",Condiments & Sauces,20308726003_EA
Chili & Mango Pickle,$3.99 ,$3.99 ,"500 g, $0.80/100g",Condiments & Sauces,20016078002_EA
Less Sodium Soy Sauce 500 ml,$4.99 ,$4.99 ,"500 ml, $1.00/100ml",Condiments & Sauces,/p/21373645_EA
Stir-Fry Sauce - General Tao's,$3.47 ,$3.47 ,"355 ml, $0.98/100ml",Condiments & Sauces,20308726005_EA
Simmering Sauce - Red Curry,$3.47 ,$3.47 ,"341 ml, $1.02/100ml",Condiments & Sauces,20322926003_EA
Marinade - Sweet & Sour Sauce,$3.47 ,$3.47 ,"341 ml, $1.02/100ml",Condiments & Sauces,20309693004_EA
Mild Garlic Rib Sauce ,$2.49 ,$2.49 ,"350 ml, $0.71/100ml",Condiments & Sauces,20323473002_EA
Butter Chickpeas Ready to Eat,$4.49 ,$4.49 ,285 ml,Condiments & Sauces,/p/21220532_EA
Panang Thaï Curry Cooking Sauce,$5.79 ,$5.79 ,"400 ml, $1.45/100ml",Condiments & Sauces,/p/21047947_EA
Spicy Mayonnaise Real Sriracha Chili Peppers Squeezable Bottle,$5.49 ,$5.49 ,"340 ml, $1.61/100ml",Condiments & Sauces,/p/21518387_EA
Miracle Whip Olive Oil Spread,$5.29 ,$5.29 ,"890 ml, $0.59/100ml",Condiments & Sauces,/p/20602509_EA
"La Grille Wet Rubs, Montréal Steak Spice",$6.29 ,$6.29 ,"200 ml, $3.15/100ml",Condiments & Sauces,/p/20955796_EA
Sriracha Sauce,$4.99 ,$4.99 ,"435 ml, $1.15/100ml",Condiments & Sauces,/p/20159252_EA
"Seasoning Mix, Chili",$1.49 ,$1.49 ,"35 g, $4.26/100g",Condiments & Sauces,20323721001_EA
Sandwich Spread,$5.49 ,$5.49 ,"475 ml, $1.16/100ml",Condiments & Sauces,/p/20054211_EA
Light Caesar Dressing,$5.49 ,$5.49 ,"355 ml, $1.55/100ml",Condiments & Sauces,/p/20304927_EA
Chili Sauce for Chicken,$4.29 ,$4.29 ,"650 ml, $0.66/100ml",Condiments & Sauces,/p/20149074_EA
Garlic Paste,$3.99 ,$3.99 ,"750 g, $0.53/100g",Condiments & Sauces,/p/21088388_EA
Biryani Sauce,$6.99 ,$6.99 ,"350 g, $2.00/100g",Condiments & Sauces,/p/21528538_EA
Caesar Dressing,$4.99 ,$4.99 ,"355 ml, $1.41/100ml",Condiments & Sauces,/p/21109415_EA
Creamy Cucumber Dressing,$2.79 ,$2.79 ,"475 ml, $0.59/100ml",Condiments & Sauces,20307707002_EA
Bacon and Maple Barbecue Sauce,$3.49 ,$3.49 ,"500 ml, $0.70/100ml",Condiments & Sauces,/p/21021473_EA
"La Grille Wet Rubs, Montréal Steak Spice",$6.29 ,$6.29 ,"200 ml, $3.15/100ml",Condiments & Sauces,/p/20955796_EA
Sriracha Sauce,$4.99 ,$4.99 ,"435 ml, $1.15/100ml",Condiments & Sauces,/p/20159252_EA
Panang Thaï Curry Cooking Sauce,$5.79 ,$5.79 ,"400 ml, $1.45/100ml",Condiments & Sauces,/p/21047947_EA
Plum Sauce,$3.29 ,$3.29 ,"350 ml, $0.94/100ml",Condiments & Sauces,/p/21407073_EA
Mild Keralan Coconut Curry,$5.99 ,$5.99 ,"215 ml, $2.79/100ml",Condiments & Sauces,/p/21303572_EA
Oxo Selects™ Bouillon Cubes enhance the flavour of your recipes Chicken,$5.79 ,$5.79 ,"66 g, $8.77/100g",Condiments & Sauces,/p/21178950_EA
"International Roast Gravy for Poultry Sauce Mix, 25% Less Salt",$2.29 ,$2.29 ,"30 g, $7.63/100g",Condiments & Sauces,20321601009_EA
Chimichurri Spread And Dip,$4.49 ,$4.49 ,"300 ml, $1.50/100ml",Condiments & Sauces,/p/21062068_EA
Sauce Honey Garlic,$2.99 ,$2.99 ,"500 ml, $0.60/100ml",Condiments & Sauces,/p/21184619_EA
Spicy Mayonnaise Real Sriracha Chili Peppers Squeezable Bottle,$5.49 ,$5.49 ,"340 ml, $1.61/100ml",Condiments & Sauces,/p/21518387_EA
Miracle Whip Olive Oil Spread,$5.29 ,$5.29 ,"890 ml, $0.59/100ml",Condiments & Sauces,/p/20602509_EA
Korean BBQ Sauce,$3.47 ,$3.47 ,"355 ml, $0.98/100ml",Condiments & Sauces,20308726008_EA
Punjabi Teekha Mango Pickle ,$3.99 ,$3.99 ,"500 g, $0.80/100g",Condiments & Sauces,/p/20601795_EA
Satay Sauce,$4.49 ,$4.99 ,"270 ml, $1.66/100ml",Condiments & Sauces,/p/21217616_EA
Garlic Pickle,$4.99 ,$4.99 ,"500 g, $1.00/100g",Condiments & Sauces,20865956002_EA
Sesame Oil,$5.99 ,$6.49 ,"150 ml, $3.99/100ml",Condiments & Sauces,/p/20792904_EA
Plum Sauce,$3.79 ,$3.79 ,"750 ml, $0.51/100ml",Condiments & Sauces,/p/20052738_EA
General Tao Stir Fry Sauce,$1.99 ,$2.29 ,"140 ml, $1.42/100ml",Condiments & Sauces,20708549003_EA
Penang Curry Cooking Sauce Kit 3 Step,$4.99 ,$5.49 ,"271 g, $1.84/100g",Condiments & Sauces,/p/21006303_EA
Tandoori Cooking Sauce,$5.49 ,$5.49 ,"400 ml, $1.37/100ml",Condiments & Sauces,/p/20902698_EA
Moroccan Tajine Cooking Sauce,$5.79 ,$5.79 ,"400 ml, $1.45/100ml",Condiments & Sauces,/p/21427716_EA
Thai Red Curry Cooking Sauce Kit 3 Step,$4.99 ,$5.49 ,"253 g, $1.97/100g",Condiments & Sauces,/p/21006291_EA
Less Sodium Soy Sauce,$6.49 ,$6.49 ,"295 ml, $2.19/100ml",Condiments & Sauces,/p/20015907_EA
Tikka Masala Curry Paste,$6.49 ,$6.49 ,"284 ml, $2.29/100ml",Condiments & Sauces,/p/21105338_EA
Stir-Fry Sauce -  Orange Ginger,$3.47 ,$3.47 ,"355 ml, $0.98/100ml",Condiments & Sauces,20308726003_EA
Chili & Mango Pickle,$3.99 ,$3.99 ,"500 g, $0.80/100g",Condiments & Sauces,20016078002_EA
Less Sodium Soy Sauce 500 ml,$4.99 ,$4.99 ,"500 ml, $1.00/100ml",Condiments & Sauces,/p/21373645_EA
Stir-Fry Sauce - General Tao's,$3.47 ,$3.47 ,"355 ml, $0.98/100ml",Condiments & Sauces,20308726005_EA
Simmering Sauce - Red Curry,$3.47 ,$3.47 ,"341 ml, $1.02/100ml",Condiments & Sauces,20322926003_EA
Marinade - Sweet & Sour Sauce,$3.47 ,$3.47 ,"341 ml, $1.02/100ml",Condiments & Sauces,20309693004_EA
Mild Garlic Rib Sauce ,$2.49 ,$2.49 ,"350 ml, $0.71/100ml",Condiments & Sauces,20323473002_EA
Butter Chickpeas Ready to Eat,$4.49 ,$4.49 ,285 ml,Condiments & Sauces,/p/21220532_EA
Light Caesar Dressing,$5.49 ,$5.49 ,"355 ml, $1.55/100ml",Condiments & Sauces,/p/20304927_EA
Chili Sauce for Chicken,$4.29 ,$4.29 ,"650 ml, $0.66/100ml",Condiments & Sauces,/p/20149074_EA
Garlic Paste,$3.99 ,$3.99 ,"750 g, $0.53/100g",Condiments & Sauces,/p/21088388_EA
Biryani Sauce,$6.99 ,$6.99 ,"350 g, $2.00/100g",Condiments & Sauces,/p/21528538_EA
Caesar Dressing,$4.99 ,$4.99 ,"355 ml, $1.41/100ml",Condiments & Sauces,/p/21109415_EA
Soy Sauce Premium,$2.99 ,$3.29 ,"500 ml, $0.60/100ml",Condiments & Sauces,/p/20026520_EA
Barbecue Marinade,$4.29 ,$4.29 ,"350 ml, $1.23/100ml",Condiments & Sauces,/p/20153485_EA
Korma Sauce,$6.99 ,$6.99 ,"350 g, $2.00/100g",Condiments & Sauces,/p/21528880_EA
Greek Feta Dressing,$5.49 ,$5.49 ,"355 ml, $1.55/100ml",Condiments & Sauces,/p/20324310_EA
"Sauce, Achar Gosht",$6.99 ,$6.99 ,"350 g, $2.00/100g",Condiments & Sauces,/p/21528531_EA
"Creamy Cucumber Dressing, Calorie Wise",$3.79 ,$3.79 ,"475 ml, $0.80/100ml",Condiments & Sauces,20628042004_EA
Zesty Italian Dressing,$3.49 ,$3.49 ,"475 ml, $0.73/100ml",Condiments & Sauces,20628299008_EA
Three Cheese Ranch Salad Dressing,$3.79 ,$3.79 ,"475 ml, $0.80/100ml",Condiments & Sauces,20628297013_EA
Maple Balsamic Vinaigrette,$3.79 ,$3.79 ,"350 ml, $1.08/100ml",Condiments & Sauces,/p/21072426_EA
Fries Seasoning Mix Smoked Paprika & Herb,$1.49 ,$1.49 ,"25 g, $5.96/100g",Condiments & Sauces,/p/21448473_EA
Fish Sauce,$4.49 ,$4.49 ,"700 ml, $0.64/100ml",Condiments & Sauces,/p/20060885_EA
Memories Of Portugal Piri Piri Barbecue Sauce,$5.49 ,$5.49 ,"350 ml, $1.57/100ml",Condiments & Sauces,20311313009_EA
Spread And Dip Joppie,$4.49 ,$4.49 ,"300 ml, $1.50/100ml",Condiments & Sauces,/p/21062254_EA
"Miracle Whip Original Spread, Calorie Wise",$10.99 ,$10.99 ,"1.5 l, $0.73/100ml",Condiments & Sauces,20075939002_EA
"BBQ Sauce, Sweet Heat",$4.49 ,$4.49 ,"450 ml, $1.00/100ml",Condiments & Sauces,/p/21020939_EA
Minced Garlic,$4.99 ,$4.99 ,"326 g, $1.53/100g",Condiments & Sauces,/p/20703004_EA
Memories of Seoul Gochujang Chili Sauce,$5.49 ,$5.49 ,"350 ml, $1.57/100ml",Condiments & Sauces,/p/20974102_EA
Ranch Dressing,$3.49 ,$3.49 ,"475 ml, $0.73/100ml",Condiments & Sauces,20628299006_EA
Chili Sauce,$5.79 ,$5.79 ,"455 ml, $1.27/100ml",Condiments & Sauces,20297430001_EA
Chicken & Rib Renegade BBQ Sauce,$2.99 ,$2.99 ,"425 ml, $0.70/100ml",Condiments & Sauces,20547834002_EA
"So Juicy for Chicken, Paprika     ",$2.99 ,$2.99 ,"34 g, $8.79/100g",Condiments & Sauces,/p/21206703_EA
Cranberry Vinaigrette,$3.79 ,$3.79 ,"350 ml, $1.08/100ml",Condiments & Sauces,/p/21478280_EA
"BBQ Sauce, Hickory & Brown Sugar",$3.99 ,$3.99 ,"425 ml, $0.94/100ml",Condiments & Sauces,/p/20775516_EA
Memories Of Montego Bay Hot Jerk Marinade,$5.49 ,$5.49 ,"350 ml, $1.57/100ml",Condiments & Sauces,/p/20620117_EA
"BBQ Sauce, Spicy",$4.49 ,$4.49 ,"450 ml, $1.00/100ml",Condiments & Sauces,/p/21020946_EA
Front Street Heat Hot Sauce,$9.99 ,$9.99 ,"296 ml, $3.38/100ml",Condiments & Sauces,/p/21404414_EA
Cherry Flavoured Sauce,$2.49 ,$2.49 ,"350 ml, $0.71/100ml",Condiments & Sauces,/p/20303949_EA
Avocado with Lime & Jalapeño Dressing,$3.49 ,$3.49 ,"475 ml, $0.73/100ml",Condiments & Sauces,20627618014_EA
Fries Seasoning Mix Garlic Parmesan,$1.49 ,$1.49 ,"27 g, $5.52/100g",Condiments & Sauces,/p/21448472_EA
Teriyaki Marinade,$4.99 ,$4.99 ,"375 ml, $1.33/100ml",Condiments & Sauces,20558780003_EA
Premium Croutons Parmesan Caesar,$3.99 ,$3.99 ,"142 g, $2.81/100g",Condiments & Sauces,/p/21526302_EA
Hyderabadi Mango Pickled,$5.99 ,$5.99 ,"1 kg, $0.60/100g",Condiments & Sauces,/p/20862353_EA
West Indian Hot Sauce,$3.49 ,$3.49 ,"300 ml, $1.16/100ml",Condiments & Sauces,20602099001_EA
"Original Ranch Salad Dressing & Topping, Gluten Free",$4.99 ,$4.99 ,"473 ml, $1.05/100ml",Condiments & Sauces,20249619002_EA
Ground Chili Sauce Sambal Oelek,$6.99 ,$6.99 ,"495 g, $1.41/100g",Condiments & Sauces,/p/21531411_EA
Superior Light Soy Sauce,$2.69 ,$2.69 ,"500 ml, $0.54/100ml",Condiments & Sauces,/p/20148208_EA
Avocado with Green Onion & Cilantro Dressing,$3.49 ,$3.49 ,"475 ml, $0.73/100ml",Condiments & Sauces,20627618013_EA
Balsamic Dressing,$3.49 ,$3.49 ,"475 ml, $0.73/100ml",Condiments & Sauces,20627618010_EA
Dijon Mustard,$5.49 ,$5.49 ,"550 ml, $1.10/100ml",Condiments & Sauces,/p/20034727_EA
"Dry Sauce Mix, Mushroom Gravy",$1.49 ,$1.49 ,"21 g, $7.10/100g",Condiments & Sauces,20302378002_EA
Korean Chili Sauce,$6.99 ,$7.99 ,"215 g, $3.25/100g",Condiments & Sauces,/p/21453162_EA
Ranch with Bacon Salad Dressing,$3.79 ,$3.79 ,"475 ml, $0.80/100ml",Condiments & Sauces,20628297009_EA
Bouillon Powder Beef ,$5.99 ,$6.99 ,"160 g, $3.74/100g",Condiments & Sauces,/p/21518165_EA
Tahini and Preserved Lemon Vinaigrette,$3.79 ,$3.79 ,"350 ml, $1.08/100ml",Condiments & Sauces,/p/21531574_EA
Caesar Salad Dressing,$3.49 ,$3.49 ,"475 ml, $0.73/100ml",Condiments & Sauces,20628299002_EA
"Shepherd's Pie, 25% Less Sodium Seasoning Mix",$1.49 ,$1.49 ,"47 g, $3.17/100g",Condiments & Sauces,/p/20902996_EA
Raspberry Vinaigrette Dressing,$3.79 ,$3.79 ,"475 ml, $0.80/100ml",Condiments & Sauces,20627333008_EA
"Peri Peri Sauce, Lemon",$6.99 ,$6.99 ,"250 ml, $2.80/100ml",Condiments & Sauces,/p/21005215_EA
Panda Oyster Sauce,$6.29 ,$6.29 ,"907 g, $0.69/100g",Condiments & Sauces,/p/20167418_EA
"Thick Sauce, Buffalo 'N Ranch",$4.99 ,$4.99 ,"354 ml, $1.41/100ml",Condiments & Sauces,/p/21352695_EA
"Pasta Sauce Mix, Garlic Alfredo",$2.29 ,$2.29 ,"30 g, $7.63/100g",Condiments & Sauces,20297634002_EA
Concentrated Bouillon Beef ,$6.99 ,$6.99 ,"250 ml, $2.80/100ml",Condiments & Sauces,/p/21290147_EA
Caesar with Bacon Salad Dressing,$3.79 ,$3.79 ,"475 ml, $0.80/100ml",Condiments & Sauces,20628297001_EA
Creamy Honey Mustard Salad Dressing,$3.79 ,$3.79 ,"475 ml, $0.80/100ml",Condiments & Sauces,/p/20963711_EA
Tortilla Strips Tri-Coloured,$4.29 ,$4.29 ,"99 g, $4.33/100g",Condiments & Sauces,/p/21526306_EA
3-Cheese Ranch Dressing,$3.49 ,$3.49 ,"475 ml, $0.73/100ml",Condiments & Sauces,20628488007_EA
Dijon Originale Mustard,$5.49 ,$5.49 ,"500 ml, $1.10/100ml",Condiments & Sauces,20032602001_EA
Caribbean Curry Cooking Sauce,$5.79 ,$5.79 ,"400 ml, $1.45/100ml",Condiments & Sauces,/p/21047948_EA
Stir-Fry Sauce -  Pad Thai,$3.47 ,$3.47 ,"355 ml, $0.98/100ml",Condiments & Sauces,20322926001_EA
Thai Red Curry Paste,$4.49 ,$4.99 ,"270 ml, $1.66/100ml",Condiments & Sauces,/p/20712986_EA
Mediterranean Blend Salad Topping,$4.29 ,$4.29 ,"100 g, $4.29/100g",Condiments & Sauces,20340506001_EA
Flambeau Sauce,$3.49 ,$3.49 ,"300 ml, $1.16/100ml",Condiments & Sauces,/p/20777873_EA
Tomato Ketchup 1.25L Twin Pack,$10.99 ,$10.99 ,"2x1.25 l, $0.44/100ml",Condiments & Sauces,/p/20066120_EA
Ranch Dressing,$3.49 ,$3.49 ,"475 ml, $0.73/100ml",Condiments & Sauces,20628488006_EA
Original Steak Sauce,$5.49 ,$5.49 ,"400 ml, $1.37/100ml",Condiments & Sauces,/p/20120227_EA
Catalina Calorie Wise Salad Dressing,$3.79 ,$3.79 ,"475 ml, $0.80/100ml",Condiments & Sauces,20628042001_EA
OXO Sachets Rich Deep Flavour Low Salt Chicken Flavour ,$4.29 ,$4.29 ,"72 g, $5.96/100g",Condiments & Sauces,20326122001_EA
Caesar with Bacon Salad Dressing,$3.79 ,$3.79 ,"475 ml, $0.80/100ml",Condiments & Sauces,20628297001_EA
Creamy Honey Mustard Salad Dressing,$3.79 ,$3.79 ,"475 ml, $0.80/100ml",Condiments & Sauces,/p/20963711_EA
Tortilla Strips Tri-Coloured,$4.29 ,$4.29 ,"99 g, $4.33/100g",Condiments & Sauces,/p/21526306_EA
3-Cheese Ranch Dressing,$3.49 ,$3.49 ,"475 ml, $0.73/100ml",Condiments & Sauces,20628488007_EA
Dijon Originale Mustard,$5.49 ,$5.49 ,"500 ml, $1.10/100ml",Condiments & Sauces,20032602001_EA
Sauteed Shrimp Fry    ,$7.29 ,$7.29 ,"340 g, $2.14/100g",Condiments & Sauces,/p/20629498_EA
Better Than Bouillon Beef Base,$7.49 ,$7.49 ,"227 g, $3.30/100g",Condiments & Sauces,20335572002_EA
Browning & Seasoning Sauce,$5.49 ,$5.49 ,"114 ml, $4.82/100ml",Condiments & Sauces,/p/20034714_EA
"Dry Sauce Mix, Turkey Gravy, Gluten-Free",$1.49 ,$1.49 ,"25 g, $5.96/100g",Condiments & Sauces,20695762001_EA
Chicken & Ribs Barbecue Sauce,$5.49 ,$5.49 ,"1 l, $0.55/100ml",Condiments & Sauces,/p/21358752_EA
Kewpie Mayonnaise,$7.49 ,$7.49 ,"517 ml, $1.45/100ml",Condiments & Sauces,/p/21064091_EA
"Buffalo Wing Sauce, Hot",$4.29 ,$4.29 ,"354 ml, $1.21/100ml",Condiments & Sauces,20319663001_EA
Sriracha Mayo Sandwich Spread,$3.49 ,$3.49 ,"300 ml, $1.16/100ml",Condiments & Sauces,/p/20958167_EA
Regular Creamed Horseradish,$5.49 ,$5.49 ,"250 ml, $2.20/100ml",Condiments & Sauces,/p/20179084_EA
Caesar Salad Dressing,$7.99 ,$7.99 ,"750 ml, $1.07/100ml",Condiments & Sauces,/p/20046681_EA
"Microwave Popcorn! Butter Flavour, 14 packs",$8.99 ,$8.99 ,"1092 g, $0.82/100g",Condiments & Sauces,/p/21206273_EA
Vegetable Concentrate,$5.29 ,$5.29 ,"250 ml, $2.12/100ml",Condiments & Sauces,/p/21377032_EA
"Just Add Juice BBQ Marinade, Garlic & Herb",$2.29 ,$2.29 ,"32 g, $7.16/100g",Condiments & Sauces,20766396001_EA
Sugar Free Maple Brown BBQ Sauce,$6.99 ,$6.99 ,"490 ml, $1.43/100ml",Condiments & Sauces,/p/21096280_EA
Marinade - Medium Garlic,$3.47 ,$3.47 ,"341 ml, $1.02/100ml",Condiments & Sauces,20309693001_EA
Tikka Masala Cooking Sauce Kit 3 Step,$5.49 ,$5.49 ,"313 g, $1.75/100g",Condiments & Sauces,/p/21006264_EA
Hoisin Sauce,$3.99 ,$4.29 ,"200 ml, $2.00/100ml",Condiments & Sauces,/p/20713006_EA
Honey Garlic Sauce,$2.49 ,$2.49 ,"350 ml, $0.71/100ml",Condiments & Sauces,20323473001_EA
Delicate Korma Curry Mild,$5.99 ,$5.99 ,"285 ml, $2.10/100ml",Condiments & Sauces,/p/21157568_EA
Korma Chickpea Ready to Eat,$4.49 ,$4.49 ,"285 ml, $1.58/100ml",Condiments & Sauces,/p/21220542_EA
Butter Chicken Cooking Sauce for 2,$3.49 ,$3.49 ,"200 ml, $1.75/100ml",Condiments & Sauces,/p/20770660_EA
Mild Curry Paste,$6.49 ,$6.49 ,"284 ml, $2.29/100ml",Condiments & Sauces,20307057001_EA
Glaze with Balsamic Vinegar of Modena,$4.79 ,$4.79 ,"250 ml, $1.92/100ml",Condiments & Sauces,/p/20144456_EA
Green Curry Cooking Sauce Kit 3 Step,$4.99 ,$5.49 ,"253 g, $1.97/100g",Condiments & Sauces,/p/21085321_EA
Teriyaki Sauce,$2.49 ,$2.49 ,"350 ml, $0.71/100ml",Condiments & Sauces,/p/20304017_EA
Pasanda Cooking Sauce,$5.49 ,$5.49 ,"400 ml, $1.37/100ml",Condiments & Sauces,/p/20983769_EA
Stir Fry Sauce,$5.99 ,$5.99 ,"285 ml, $2.10/100ml",Condiments & Sauces,/p/20038884_EA
Pad Thai Cooking Kit 3 Step,$4.99 ,$5.49 ,"220 g, $2.27/100g",Condiments & Sauces,/p/21005962_EA
Korma Cooking Sauce,$5.79 ,$5.79 ,"400 ml, $1.45/100ml",Condiments & Sauces,20298369002_EA
Tikka Masala Cooking Sauce,$5.79 ,$5.79 ,"400 ml, $1.45/100ml",Condiments & Sauces,20298369003_EA
Light Butter Chicken Cooking Sauce,$5.49 ,$5.49 ,"400 ml, $1.37/100ml",Condiments & Sauces,/p/20810182_EA
Black Bean Garlic Sauce,$3.49 ,$4.29 ,"368 g, $0.95/100g",Condiments & Sauces,/p/20319201_EA
Hot Curry Paste,$6.49 ,$6.49 ,"284 ml, $2.29/100ml",Condiments & Sauces,20307057002_EA
"Just Add Juice Marinade Mix, Lemon Pepper",$2.29 ,$2.29 ,"32 g, $7.16/100g",Condiments & Sauces,20766396002_EA
Mediterranean Dressing,$3.49 ,$3.49 ,"475 ml, $0.73/100ml",Condiments & Sauces,20627618004_EA
Chicken & Ribs Barbecue Sauce,$5.49 ,$5.49 ,"1 l, $0.55/100ml",Condiments & Sauces,/p/21358752_EA
Kewpie Mayonnaise,$7.49 ,$7.49 ,"517 ml, $1.45/100ml",Condiments & Sauces,/p/21064091_EA
"Buffalo Wing Sauce, Hot",$4.29 ,$4.29 ,"354 ml, $1.21/100ml",Condiments & Sauces,20319663001_EA
Sriracha Mayo Sandwich Spread,$3.49 ,$3.49 ,"300 ml, $1.16/100ml",Condiments & Sauces,/p/20958167_EA
Regular Creamed Horseradish,$5.49 ,$5.49 ,"250 ml, $2.20/100ml",Condiments & Sauces,/p/20179084_EA
Caesar Salad Dressing,$7.99 ,$7.99 ,"750 ml, $1.07/100ml",Condiments & Sauces,/p/20046681_EA
Turmeric Ginger Vinaigrette,$3.79 ,$3.79 ,"350 ml, $1.08/100ml",Condiments & Sauces,/p/21425053_EA
Catalina Dressing,$3.79 ,$3.79 ,"475 ml, $0.80/100ml",Condiments & Sauces,20628297002_EA
"Microwave Popcorn! Butter Flavour, 14 packs",$8.99 ,$8.99 ,"1092 g, $0.82/100g",Condiments & Sauces,/p/21206273_EA
Hoisin Sauce,$3.99 ,$4.29 ,"200 ml, $2.00/100ml",Condiments & Sauces,/p/20713006_EA
Ginger Paste,$3.99 ,$3.99 ,"750 g, $0.53/100g",Condiments & Sauces,/p/21088575_EA
Masala Chilli Sauce,$3.99 ,$3.99 ,"340 ml, $1.17/100ml",Condiments & Sauces,/p/20692987_EA
Schezwan Sauce Stir-Fry,$3.29 ,$3.29 ,"225 ml, $1.46/100ml",Condiments & Sauces,/p/21446325_EA
Blue Cheese Dressing,$4.99 ,$4.99 ,"355 ml, $1.41/100ml",Condiments & Sauces,/p/21109485_EA
Caesar Salad Dressing,$4.99 ,$4.99 ,"355 ml, $1.41/100ml",Condiments & Sauces,/p/21109503_EA
Fresh Green Chili Chutney,$4.49 ,$4.49 ,"250 ml, $1.80/100ml",Condiments & Sauces,20321787001_EA
"Dry Sauce Mix, Alfredo",$2.29 ,$2.29 ,"30 g, $7.63/100g",Condiments & Sauces,20321601001_EA
Pineapple Sauce,$2.49 ,$2.49 ,"350 ml, $0.71/100ml",Condiments & Sauces,/p/20010496_EA
Calypso Hot Sauce,$3.49 ,$3.49 ,"300 ml, $1.16/100ml",Condiments & Sauces,20602099002_EA
Lemon Poppy Seed Dressing,$3.49 ,$3.49 ,"475 ml, $0.73/100ml",Condiments & Sauces,20628299005_EA
La Grille Roasted Garlic & Peppers Wet Rub,$6.29 ,$6.29 ,"200 ml, $3.15/100ml",Condiments & Sauces,/p/20955795_EA
Classic Sauce Mix chicken or fish Béarnaise ,$2.79 ,$2.79 ,"26 g, $10.73/100g",Condiments & Sauces,20321329007_EA
Oxo Selects Bouillon Beef Cubes,$5.79 ,$5.79 ,"66 g, $8.77/100g",Condiments & Sauces,/p/21178932_EA
Vinaigrette Marinade Ranch,$5.49 ,$5.49 ,"240 ml, $2.29/100ml",Condiments & Sauces,/p/21353562_EA
"Rancher's Choice Dressing, Calorie Wise",$3.79 ,$3.79 ,"475 ml, $0.80/100ml",Condiments & Sauces,20628042007_EA
Memories of Korea Korean Barbecue Sauce,$5.49 ,$5.49 ,"350 ml, $1.57/100ml",Condiments & Sauces,20311313008_EA
Korean Kalbi Marinade Sauce,$5.49 ,$5.49 ,"765 ml, $0.72/100ml",Condiments & Sauces,/p/20844590_EA
Whipped Dressing,$4.49 ,$4.49 ,"890 ml, $0.50/100ml",Condiments & Sauces,/p/20618858_EA
Whole Grain Dijon Mustard,$2.99 ,$2.99 ,"250 ml, $1.20/100ml",Condiments & Sauces,/p/20554764_EA
"Pasta Sauce Mix, Creamy Garlic",$2.99 ,$2.99 ,"37 g, $8.08/100g",Condiments & Sauces,20323323006_EA
Toasted Sesame Vinaigrette,$3.79 ,$3.79 ,"350 ml, $1.08/100ml",Condiments & Sauces,/p/21072467_EA
Mushroom Flavoured Dark Soy Sauce,$3.29 ,$3.29 ,"500 ml, $0.66/100ml",Condiments & Sauces,/p/20184161_EA
Honey Mustard,$2.49 ,$2.49 ,"325 ml, $0.77/100ml",Condiments & Sauces,20050452005_EA
Smokin' Stampede Beer & Chipotle Barbecue Sauce,$3.49 ,$3.49 ,"500 ml, $0.70/100ml",Condiments & Sauces,/p/21021521_EA
Sweet Onion Vinaigrette Salad Dressing,$5.49 ,$5.49 ,"350 ml, $1.57/100ml",Condiments & Sauces,/p/20310415_EA
Mayonnaise Made with Extra Virgin Olive Oil,$5.79 ,$5.79 ,"750 ml, $0.77/100ml",Condiments & Sauces,/p/20770952_EA
"Dry Sauce Mix, Brown Gravy, Less Salt",$1.49 ,$1.49 ,"25 g, $5.96/100g",Condiments & Sauces,20302816005_EA
"No Joke ""Original Ghost Pepper"" Hot Sauce",$7.79 ,$7.79 ,"148 ml, $5.26/100ml",Condiments & Sauces,/p/21171716_EA
Traditional Jamaican Jerk Seasoning,$4.49 ,$4.49 ,"280 g, $1.60/100g",Condiments & Sauces,/p/20213881_EA
Concentrated Bouillon Vegetable ,$6.99 ,$6.99 ,"250 ml, $2.80/100ml",Condiments & Sauces,/p/21290145_EA
Caramelized Onion Topping,$3.49 ,$3.49 ,"245 ml, $1.42/100ml",Condiments & Sauces,/p/21062235_EA
Sweet & Zesty Tomato Chili Sauce,$5.29 ,$5.29 ,"455 ml, $1.16/100ml",Condiments & Sauces,/p/20683482_EA
"Homestyle Gravy, 25% Less Salt",$1.49 ,$1.49 ,"38 g, $3.92/100g",Condiments & Sauces,/p/21083397_EA
Meat Loaf Seasoning Mix,$1.49 ,$1.49 ,"43 g, $3.47/100g",Condiments & Sauces,20323721005_EA
Low Sodium Ketchup Style Sauce,$4.29 ,$4.29 ,"750 ml, $0.57/100ml",Condiments & Sauces,/p/20334805_EA
Hot Chili Oil,$3.99 ,$3.99 ,"207 ml, $1.93/100ml",Condiments & Sauces,/p/20162801_EA
Chipotle Mayo Sandwich Spread,$3.49 ,$3.49 ,"300 ml, $1.16/100ml",Condiments & Sauces,/p/20861237_EA
Tortilla Strips Santa Fe Style,$4.29 ,$4.29 ,"99 g, $4.33/100g",Condiments & Sauces,/p/21526305_EA
Ranch Dressing,$4.99 ,$4.99 ,"355 ml, $1.41/100ml",Condiments & Sauces,/p/21109481_EA
Hickory BBQ Sauce,$2.99 ,$2.99 ,"425 ml, $0.70/100ml",Condiments & Sauces,20547834006_EA
Smokin' Habanero Tequila Spicy Barbecue Sauce,$6.49 ,$6.49 ,"1 l, $0.65/100ml",Condiments & Sauces,/p/20350183_EA
Steakhouse BBQ Sauce,$2.99 ,$2.99 ,"425 ml, $0.70/100ml",Condiments & Sauces,20547834009_EA
Asian Sesame Dressing,$3.49 ,$3.49 ,"475 ml, $0.73/100ml",Condiments & Sauces,20652829001_EA
Miracle Whip Original Spread,$4.29 ,$4.29 ,"475 ml, $0.90/100ml",Condiments & Sauces,20033768002_EA
Bacon Bits Less Fat,$6.49 ,$6.49 ,"100 g, $6.49/100g",Condiments & Sauces,/p/20146761_EA
Poppy Seed Dressing ,$4.99 ,$4.99 ,"355 ml, $1.41/100ml",Condiments & Sauces,/p/21334501_EA
Creamy Blue Cheese Dressing ,$3.49 ,$3.49 ,"475 ml, $0.73/100ml",Condiments & Sauces,20323393002_EA
West Indian Hot Sauce,$6.49 ,$6.49 ,"750 ml, $0.87/100ml",Condiments & Sauces,/p/20772860_EA
Sweet Onion Salad Dressing,$3.79 ,$3.79 ,"475 ml, $0.80/100ml",Condiments & Sauces,20627333011_EA
Light Italian Dressing,$2.79 ,$2.79 ,"475 ml, $0.59/100ml",Condiments & Sauces,20307707003_EA
Creamy Garlic Wing Sauce,$4.29 ,$4.29 ,"350 ml, $1.23/100ml",Condiments & Sauces,/p/21062267_EA
Caesar Dressing,$3.49 ,$3.49 ,"475 ml, $0.73/100ml",Condiments & Sauces,20628488001_EA
X Hot Sauce,$2.99 ,$2.99 ,"370 ml, $0.81/100ml",Condiments & Sauces,20056649001_EA
Roasted Garlic Base,$7.49 ,$7.49 ,"227 g, $3.30/100g",Condiments & Sauces,/p/21378341_EA
"Original Cayenne Pepper Hot Sauce, Value Pack",$9.89 ,$9.89 ,"2x740.0 ml, $0.67/100ml",Condiments & Sauces,/p/21024834_EA
"Spicy Ranch Salad Dressing & Topping, Gluten Free",$4.99 ,$4.99 ,"473 ml, $1.05/100ml",Condiments & Sauces,/p/20548320_EA
Bouillon Cubes chicken flavour,$1.99 ,$2.99 ,"69 g, $2.88/100g",Condiments & Sauces,20297436001_EA
Hickory Smoke Barbecue Sauce,$5.49 ,$5.49 ,"1 l, $0.55/100ml",Condiments & Sauces,/p/21358744_EA
Miracle Whip Calorie Wise Spread,$5.29 ,$5.29 ,"650 ml, $0.81/100ml",Condiments & Sauces,20304232002_EA
Chipotle Hot Sauce,$6.49 ,$6.49 ,"150 ml, $4.33/100ml",Condiments & Sauces,/p/21392199_EA
Mayonnaise,$8.99 ,$8.99 ,"1.42 l, $0.63/100ml",Condiments & Sauces,/p/20544452_EA
"Tasty Curry Sauce Mix, Medium Hot",$4.99 ,$4.99 ,"200 g, $2.50/100g",Condiments & Sauces,20687551002_EA
Rancher's Choice Fat Free Salad Dressing,$3.79 ,$3.79 ,"475 ml, $0.80/100ml",Condiments & Sauces,20627613003_EA
"Seasoning Mix, Taco, Less Salt",$1.49 ,$1.49 ,"35 g, $4.26/100g",Condiments & Sauces,20800862002_EA
Pineapple Sauce,$2.49 ,$2.49 ,"350 ml, $0.71/100ml",Condiments & Sauces,/p/20010496_EA
Calypso Hot Sauce,$3.49 ,$3.49 ,"300 ml, $1.16/100ml",Condiments & Sauces,20602099002_EA
Lemon Poppy Seed Dressing,$3.49 ,$3.49 ,"475 ml, $0.73/100ml",Condiments & Sauces,20628299005_EA
La Grille Roasted Garlic & Peppers Wet Rub,$6.29 ,$6.29 ,"200 ml, $3.15/100ml",Condiments & Sauces,/p/20955795_EA
Classic Sauce Mix chicken or fish Béarnaise ,$2.79 ,$2.79 ,"26 g, $10.73/100g",Condiments & Sauces,20321329007_EA
Hoisin Sauce,$3.49 ,$3.49 ,"306 ml, $1.14/100ml",Condiments & Sauces,/p/20003330_EA
Fish Sauce,$2.99 ,$3.49 ,"725 ml, $0.41/100ml",Condiments & Sauces,/p/20065165_EA
Smokin' Stampede Beer & Chipotle Barbecue Sauce,$3.49 ,$3.49 ,"500 ml, $0.70/100ml",Condiments & Sauces,/p/21021521_EA
Sweet Onion Vinaigrette Salad Dressing,$5.49 ,$5.49 ,"350 ml, $1.57/100ml",Condiments & Sauces,/p/20310415_EA
Mayonnaise Made with Extra Virgin Olive Oil,$5.79 ,$5.79 ,"750 ml, $0.77/100ml",Condiments & Sauces,/p/20770952_EA
"Dry Sauce Mix, Brown Gravy, Less Salt",$1.49 ,$1.49 ,"25 g, $5.96/100g",Condiments & Sauces,20302816005_EA
Steak Sauce,$4.99 ,$4.99 ,"400 ml, $1.25/100ml",Condiments & Sauces,20325386001_EA
"Mayonnaise Type Dressing condiment for fries, burgers, and salads Light ½ Fat",$9.99 ,$9.99 ,"1.42 l, $0.70/100ml",Condiments & Sauces,20173154001_EA
Soy Sauce,$4.49 ,$4.49 ,"148 ml, $3.03/100ml",Condiments & Sauces,/p/20043711_EA
Sriracha Hot Pepper Sauce,$5.99 ,$5.99 ,"256 ml, $2.34/100ml",Condiments & Sauces,/p/21499080_EA
"Homestyle Gravy, 25% Less Salt",$1.49 ,$1.49 ,"38 g, $3.92/100g",Condiments & Sauces,/p/21083397_EA
Meat Loaf Seasoning Mix,$1.49 ,$1.49 ,"43 g, $3.47/100g",Condiments & Sauces,20323721005_EA
Low Sodium Ketchup Style Sauce,$4.29 ,$4.29 ,"750 ml, $0.57/100ml",Condiments & Sauces,/p/20334805_EA
Creamy Poppyseed Dressing,$3.79 ,$3.79 ,"475 ml, $0.80/100ml",Condiments & Sauces,20627333004_EA
Mayonnaise,$4.49 ,$4.49 ,"445 ml, $1.01/100ml",Condiments & Sauces,/p/20547831_EA
Light Italian Dressing,$2.79 ,$2.79 ,"475 ml, $0.59/100ml",Condiments & Sauces,20307707003_EA
Ranch Dressing,$4.99 ,$4.99 ,"355 ml, $1.41/100ml",Condiments & Sauces,/p/21109481_EA
Thaï Red Curry Cooking Sauce,$4.49 ,$4.49 ,"400 ml, $1.12/100ml",Condiments & Sauces,20299337003_EA
Butter Chicken Cooking Sauce Kit 3 Step,$5.49 ,$5.49 ,"313 g, $1.75/100g",Condiments & Sauces,/p/21005973_EA
Honey Teriyaki Stir Fry Sauce,$1.99 ,$2.29 ,"140 ml, $1.42/100ml",Condiments & Sauces,20708549001_EA
Mango Chili     ,$3.47 ,$3.47 ,"341 ml, $1.02/100ml",Condiments & Sauces,/p/21219735_EA
Broccoli Beef Stir Fry Sauce,$1.99 ,$2.29 ,"140 ml, $1.42/100ml",Condiments & Sauces,20708549002_EA
Tikka Masala Original Mild,$5.99 ,$5.99 ,"285 ml, $2.10/100ml",Condiments & Sauces,/p/21157558_EA
Korma Curry Paste,$6.49 ,$6.49 ,"284 ml, $2.29/100ml",Condiments & Sauces,/p/21105391_EA
Roasted Garlic Base,$7.49 ,$7.49 ,"227 g, $3.30/100g",Condiments & Sauces,/p/21378341_EA
"Original Cayenne Pepper Hot Sauce, Value Pack",$9.89 ,$9.89 ,"2x740.0 ml, $0.67/100ml",Condiments & Sauces,/p/21024834_EA
Chipotle Mayo Sandwich Spread,$3.49 ,$3.49 ,"300 ml, $1.16/100ml",Condiments & Sauces,/p/20861237_EA
Tortilla Strips Santa Fe Style,$4.29 ,$4.29 ,"99 g, $4.33/100g",Condiments & Sauces,/p/21526305_EA
"Spicy Ranch Salad Dressing & Topping, Gluten Free",$4.99 ,$4.99 ,"473 ml, $1.05/100ml",Condiments & Sauces,/p/20548320_EA
Beef Bouillon Concentrate,$6.49 ,$6.49 ,"500 ml, $1.30/100ml",Condiments & Sauces,20312337002_EA
Homestyle Mexican Salsa,$1.99 ,$1.99 ,"214 ml, $0.93/100ml",Condiments & Sauces,/p/20309249_EA
Garlic & Ginger Paste,$3.99 ,$3.99 ,"750 g, $0.53/100g",Condiments & Sauces,/p/21088480_EA
Premium Cooking Sauce,$4.99 ,$4.99 ,"375 ml, $1.33/100ml",Condiments & Sauces,/p/20871416_EA
Tamarina Sauce,$3.99 ,$3.99 ,"340 ml, $1.17/100ml",Condiments & Sauces,/p/20693317_EA
Mediterranean Greek Dressing,$5.49 ,$5.49 ,"350 ml, $1.57/100ml",Condiments & Sauces,/p/20312720_EA
Cooking Sauce Vegan Butter Chicken,$4.99 ,$4.99 ,"395 ml, $1.26/100ml",Condiments & Sauces,/p/21435947_EA
Better Than Bouillon Chicken Base,$7.49 ,$7.49 ,"227 g, $3.30/100g",Condiments & Sauces,20335572001_EA
Sriracha Mayo Type Sauce,$7.99 ,$7.99 ,"730 ml, $1.09/100ml",Condiments & Sauces,/p/21528201_EA
Hot Sauce,$2.99 ,$2.99 ,"370 ml, $0.81/100ml",Condiments & Sauces,20056649002_EA
Chicken Bouillon Concentrate,$6.49 ,$6.49 ,"500 ml, $1.30/100ml",Condiments & Sauces,20312337001_EA
Asian Sesame Salad Dressing,$3.79 ,$3.79 ,"475 ml, $0.80/100ml",Condiments & Sauces,20627333001_EA
3-Cheese Ranch Salad Dressing,$3.49 ,$3.49 ,"475 ml, $0.73/100ml",Condiments & Sauces,20628299007_EA
"Zesty Italian Dressing, Calorie Wise",$3.79 ,$3.79 ,"475 ml, $0.80/100ml",Condiments & Sauces,20628042009_EA
Honey Garlic Sauce,$4.99 ,$4.99 ,"354 ml, $1.41/100ml",Condiments & Sauces,/p/20863460_EA
Tangy Seafood Sauce,$2.99 ,$2.99 ,"250 ml, $1.20/100ml",Condiments & Sauces,20023348001_EA
"Hot Sauce, Sweet Chili",$4.99 ,$4.99 ,"354 ml, $1.41/100ml",Condiments & Sauces,20187632006_EA
"Jamaican Jerk Seasoning, Mild",$3.99 ,$4.49 ,"284 g, $1.28/100g",Condiments & Sauces,/p/20693138_EA
"Dry Sauce Mix, Roast Gravy",$2.29 ,$2.29 ,"32 g, $7.16/100g",Condiments & Sauces,20321601005_EA
Light Italian Dressing,$4.99 ,$4.99 ,"473 ml, $1.05/100ml",Condiments & Sauces,/p/21085931_EA
"Mayonnaise Type Dressing, Made with Real Chili Peppers",$6.49 ,$6.49 ,"750 ml, $0.87/100ml",Condiments & Sauces,/p/21518359_EA
Green Goddess Dressing,$3.49 ,$3.49 ,"475 ml, $0.73/100ml",Condiments & Sauces,/p/21020952_EA
"Honey Garlic Sauce Baste & Glaze, Thick",$4.29 ,$4.29 ,"455 ml, $0.94/100ml",Condiments & Sauces,20009211002_EA
"Dry Sauce Mix, Chicken Gravy, Less Salt",$1.49 ,$1.49 ,"25 g, $5.96/100g",Condiments & Sauces,20302816006_EA
Not-So-Secret Spread And Dip,$4.49 ,$4.49 ,"300 ml, $1.50/100ml",Condiments & Sauces,/p/21061992_EA
Dressing salad for sandwiches and salads Classic Ranch made in Canada,$5.49 ,$5.49 ,"475 ml, $1.16/100ml",Condiments & Sauces,/p/21246299_EA
Smoky Bacon Mayo Sandwich Spread,$3.49 ,$3.49 ,"300 ml, $1.16/100ml",Condiments & Sauces,/p/20770797_EA
Classic Sauce Mix Hollandaise without artificial flavours,$2.79 ,$2.79 ,"26 g, $10.73/100g",Condiments & Sauces,20321329001_EA
Mint Jelly,$5.49 ,$5.49 ,"250 ml, $2.20/100ml",Condiments & Sauces,20306974001_EA
Salsa Ranch Dressing,$3.49 ,$3.49 ,"475 ml, $0.73/100ml",Condiments & Sauces,20627618005_EA
Gourmet Barbecue Sauce,$5.49 ,$5.49 ,"1 l, $0.55/100ml",Condiments & Sauces,/p/21358750_EA
Gold Barbecue Sauce,$4.29 ,$4.29 ,"350 ml, $1.23/100ml",Condiments & Sauces,/p/21406063_EA
Creamy Horseradish Sauce,$3.49 ,$3.49 ,"250 ml, $1.40/100ml",Condiments & Sauces,/p/20000177_EA
Cayenne & Scotch Bonnet Scorching Wing Sauce,$4.29 ,$4.29 ,"350 ml, $1.23/100ml",Condiments & Sauces,/p/21062189_EA
Miracle Whip Original Spread,$10.99 ,$10.99 ,"1.5 l, $0.73/100ml",Condiments & Sauces,20075939001_EA
"Vegan Dressing & Sandwich Spread for burgers, salads, gluten-free condiment",$5.49 ,$5.49 ,"340 ml, $1.61/100ml",Condiments & Sauces,/p/21518401_EA
Punjabi Pachranga Pickle,$4.99 ,$4.99 ,"500 g, $1.00/100g",Condiments & Sauces,20865956008_EA
Creamy Horseradish Sauce,$3.49 ,$3.49 ,"250 ml, $1.40/100ml",Condiments & Sauces,/p/20000177_EA
Light Italian Dressing,$4.99 ,$4.99 ,"473 ml, $1.05/100ml",Condiments & Sauces,/p/21085931_EA
"Mayonnaise Type Dressing, Made with Real Chili Peppers",$6.49 ,$6.49 ,"750 ml, $0.87/100ml",Condiments & Sauces,/p/21518359_EA
"Honey Garlic Sauce Baste & Glaze, Thick",$4.29 ,$4.29 ,"455 ml, $0.94/100ml",Condiments & Sauces,20009211002_EA
Greek Vinaigrette,$3.79 ,$3.79 ,"350 ml, $1.08/100ml",Condiments & Sauces,/p/21072462_EA
"Thick Sauce, Original",$4.99 ,$4.99 ,"354 ml, $1.41/100ml",Condiments & Sauces,/p/21352812_EA
Tartar Sauce,$4.79 ,$4.79 ,"354 ml, $1.35/100ml",Condiments & Sauces,/p/21092580_EA
"Dry Sauce Mix, Roast Gravy",$2.29 ,$2.29 ,"32 g, $7.16/100g",Condiments & Sauces,20321601005_EA
Green Goddess Dressing,$3.49 ,$3.49 ,"475 ml, $0.73/100ml",Condiments & Sauces,/p/21020952_EA
"Pork Gravy Mix, Gluten-Free",$1.49 ,$1.49 ,"24 g, $6.21/100g",Condiments & Sauces,/p/20800296_EA
"Jamaican Jerk Seasoning, Mild",$3.99 ,$4.49 ,"284 g, $1.28/100g",Condiments & Sauces,/p/20693138_EA
Dressing salad for sandwiches and salads Classic Ranch made in Canada,$5.49 ,$5.49 ,"475 ml, $1.16/100ml",Condiments & Sauces,/p/21246299_EA
Demi-Glace Classic Roast Gravy Mix ,$2.29 ,$2.29 ,"34 g, $6.74/100g",Condiments & Sauces,20307866001_EA
Zesty Italian Salad Dressing,$3.79 ,$3.79 ,"475 ml, $0.80/100ml",Condiments & Sauces,20628297014_EA
Sweet & Sticky BBQ Sauce,$2.99 ,$2.99 ,"425 ml, $0.70/100ml",Condiments & Sauces,20547834001_EA
"International Sauce Mix, Roast Gravy For Poultry",$2.29 ,$2.29 ,"30 g, $7.63/100g",Condiments & Sauces,20321601002_EA
Less Sodium Soy Sauce,$4.99 ,$4.99 ,"148 ml, $3.37/100ml",Condiments & Sauces,/p/20346505_EA
Bouillon Powder Roasted Garlic ,$5.99 ,$6.99 ,"160 g, $3.74/100g",Condiments & Sauces,/p/21518169_EA
Hot Pepper Paste,$6.49 ,$6.49 ,"500 g, $1.30/100g",Condiments & Sauces,/p/20738497_EA
Southwest Ranch Dressing,$5.49 ,$5.49 ,"355 ml, $1.55/100ml",Condiments & Sauces,/p/20347525_EA
Butter Chicken Cooking Sauce,$5.79 ,$5.79 ,"400 ml, $1.45/100ml",Condiments & Sauces,20298369001_EA
Thaï Yellow Curry Cooking Sauce,$4.49 ,$4.49 ,"400 ml, $1.12/100ml",Condiments & Sauces,20299337002_EA
Spicy Butter Chicken Cooking Sauce,$5.49 ,$5.49 ,"400 ml, $1.37/100ml",Condiments & Sauces,/p/20675802_EA
Vietnamese Dipping Sauce,$5.99 ,$6.49 ,"190 ml, $3.15/100ml",Condiments & Sauces,/p/20558913_EA
Filipino Adobo Cooking Sauce,$5.79 ,$5.79 ,"400 ml, $1.45/100ml",Condiments & Sauces,/p/21048551_EA
Soy Sauce,$4.59 ,$4.59 ,"591 ml, $0.78/100ml",Condiments & Sauces,/p/21158342_EA
Plum Sauce Club Size,$5.49 ,$5.49 ,"750 ml, $0.73/100ml",Condiments & Sauces,/p/20124925_EA
Moroccan Shakshuka Cooking Sauce,$5.79 ,$5.79 ,"400 ml, $1.45/100ml",Condiments & Sauces,/p/21427724_EA
Classic Butter Chicken Mild,$5.99 ,$5.99 ,"285 ml, $2.10/100ml",Condiments & Sauces,/p/21157506_EA
Vindaloo Cooking Sauce,$5.49 ,$5.49 ,"400 ml, $1.37/100ml",Condiments & Sauces,20217180003_EA
Korma Cooking Sauce,$5.49 ,$5.49 ,"400 ml, $1.37/100ml",Condiments & Sauces,20306818002_EA
Simmering Sauce - Butter Chicken,$3.47 ,$3.47 ,"341 ml, $1.02/100ml",Condiments & Sauces,20300643001_EA
"Teriyaki Sauce, Thick",$4.29 ,$4.29 ,"455 ml, $0.94/100ml",Condiments & Sauces,20315799001_EA
Pepperpot Cooking Sauce ,$5.79 ,$5.79 ,"400 ml, $1.45/100ml",Condiments & Sauces,/p/21427725_EA
Honey Sriracha Hot,$3.47 ,$3.47 ,"341 ml, $1.02/100ml",Condiments & Sauces,/p/21127167_EA
Tahini,$8.99 ,$8.99 ,"907 g, $0.99/100g",Condiments & Sauces,/p/21217267_EA
Sliced Roasted Almonds Salad Topping,$4.49 ,$4.49 ,"99 g, $4.54/100g",Condiments & Sauces,20925943002_EA
Chutney Sauce Pickled Achari Mango,$3.99 ,$3.99 ,"455 ml, $0.88/100ml",Condiments & Sauces,20299612003_EA
"Seasoning Sauce, Red Cap",$8.99 ,$9.99 ,"800 ml, $1.12/100ml",Condiments & Sauces,/p/20073029_EA
Vinaigrette Marinade Caesar,$5.49 ,$5.49 ,"250 ml, $2.20/100ml",Condiments & Sauces,/p/21353558_EA
Marinade - Mild Garlic Sauce,$3.47 ,$3.47 ,"341 ml, $1.02/100ml",Condiments & Sauces,20309693003_EA
Char Siu Sauce,$3.99 ,$3.99 ,"282 ml, $1.41/100ml",Condiments & Sauces,/p/20326703_EA
Basil Parmesan Dressing ,$3.49 ,$3.49 ,"475 ml, $0.73/100ml",Condiments & Sauces,20627618001_EA
Bouillon In-a-Mug  Beef adds great flavour to your cooking ,$4.99 ,$4.99 ,"225 g, $2.22/100g",Condiments & Sauces,/p/21378247_EA
Poutine Gravy Mix,$2.29 ,$2.29 ,"52 g, $4.40/100g",Condiments & Sauces,20033620006_EA
Memories of Thailand Sweet Chili Pepper Sauce,$5.49 ,$5.49 ,"350 ml, $1.57/100ml",Condiments & Sauces,/p/20620095_EA
"BBQ Sauce, Honey",$3.99 ,$3.99 ,"425 ml, $0.94/100ml",Condiments & Sauces,20316609002_EA
"Garlic And Onion, Black Pepper And Sea Salt",$6.99 ,$6.99 ,"127 g, $5.50/100g",Condiments & Sauces,/p/21300179_EA
"Dressing & Dip Caesar, Family Size",$6.99 ,$6.99 ,"591 ml, $1.18/100ml",Condiments & Sauces,/p/21185321_EA
Savoury Gravy for Poultry Mix,$5.29 ,$5.29 ,"227 g, $2.33/100g",Condiments & Sauces,20136091002_EA
Italian Spring Herb Vinaigrette Salad Dressing,$5.49 ,$5.49 ,"350 ml, $1.57/100ml",Condiments & Sauces,/p/20325814_EA
"International Sauce Mix, Wild Mushroom",$2.29 ,$2.29 ,"30 g, $7.63/100g",Condiments & Sauces,20321601007_EA
Premium Fish Sauce,$3.99 ,$3.99 ,"200 ml, $2.00/100ml",Condiments & Sauces,/p/20066360_EA
Lentil Tikka Masala Ready to Eat,$4.49 ,$4.49 ,"285 ml, $1.58/100ml",Condiments & Sauces,/p/21220533_EA
Fish Sauce,$2.99 ,$3.29 ,"150 ml, $1.99/100ml",Condiments & Sauces,/p/20983840_EA
Plum Sauce,$3.29 ,$3.29 ,"350 ml, $0.94/100ml",Condiments & Sauces,20303504001_EA
Soy Sauce,$6.49 ,$6.49 ,"591 ml, $1.10/100ml",Condiments & Sauces,/p/20139275_EA
"Mango Pickle, Hot",$3.99 ,$3.99 ,"500 g, $0.80/100g",Condiments & Sauces,20016078003_EA
Worcestershire Sauce,$3.29 ,$3.29 ,"142 ml, $2.32/100ml",Condiments & Sauces,/p/20046603_EA
Soya Sauce,$3.47 ,$3.47 ,"380 ml, $0.91/100ml",Condiments & Sauces,/p/21127164_EA
Butter Chicken Curry Paste,$6.49 ,$6.49 ,"284 ml, $2.29/100ml",Condiments & Sauces,20298459001_EA
Ginger Paste Ground Ginger,$4.49 ,$4.49 ,"310 g, $1.45/100g",Condiments & Sauces,/p/21447371_EA
Schezwan Chutney,$2.69 ,$2.69 ,"250 g, $1.08/100g",Condiments & Sauces,/p/21416871_EA
Vidalia Onion Dressing,$3.49 ,$3.49 ,"475 ml, $0.73/100ml",Condiments & Sauces,/p/20757862_EA
Chunky Bleu Cheese Dressing Squeeze Bottle,$6.99 ,$6.99 ,"591 ml, $1.18/100ml",Condiments & Sauces,/p/21185316_EA
Sauce Maple,$2.99 ,$2.99 ,"500 ml, $0.60/100ml",Condiments & Sauces,/p/21184624_EA
Seasoned Soy Sauce For Seafood,$3.99 ,$3.99 ,"410 ml, $0.97/100ml",Condiments & Sauces,/p/20043071_EA
Sauce Mix Rosée,$2.29 ,$2.29 ,"32 g, $7.16/100g",Condiments & Sauces,/p/21377292_EA
"Salad Dressing, Thousand Island",$3.49 ,$3.49 ,"475 ml, $0.73/100ml",Condiments & Sauces,20628488009_EA
Chili Lime Marinade Grilling Organic,$3.49 ,$3.49 ,"30 g, $11.63/100g",Condiments & Sauces,/p/21408954_EA
Guinness Beer Blend BBQ Sauce,$2.99 ,$2.99 ,"425 ml, $0.70/100ml",Condiments & Sauces,20547834010_EA
Chicken Marinade Mix,$2.29 ,$2.29 ,"32 g, $7.16/100g",Condiments & Sauces,/p/21061374_EA
"Gravy Mix, 4 Peppercorn",$1.49 ,$1.49 ,"31 g, $4.81/100g",Condiments & Sauces,20323504002_EA
"Marinade Mix, Meat",$1.49 ,$1.49 ,"32 g, $4.66/100g",Condiments & Sauces,20598248003_EA
Honey Dijon Mustard,$2.99 ,$2.99 ,"325 ml, $0.92/100ml",Condiments & Sauces,20318504003_EA
Caesar Dressing 730Ml,$7.29 ,$7.29 ,"730 ml, $1.00/100ml",Condiments & Sauces,/p/21109527_EA
Creamy Mustard Spread,$3.99 ,$3.99 ,"325 ml, $1.23/100ml",Condiments & Sauces,/p/21432829_EA
Microwave Popcorn! Butter Lovers Flavour (14-78 G Bags),$8.99 ,$8.99 ,"1092 g, $0.82/100g",Condiments & Sauces,/p/21206269_EA
"Legendary BBQ Sauce, Original",$4.49 ,$4.49 ,"450 ml, $1.00/100ml",Condiments & Sauces,/p/21021268_EA
Mayonnaise Type Dressing Avocado Oil with a hint of Lime gluten free condiment 710 ml,$6.49 ,$6.49 ,"710 ml, $0.91/100ml",Condiments & Sauces,/p/21074824_EA
Tom Yum Instant Hot And Sour Paste,$2.79 ,$2.79 ,"227 g, $1.23/100g",Condiments & Sauces,/p/20022197_EA
Creamy Coleslaw Dressing,$3.49 ,$3.49 ,"475 ml, $0.73/100ml",Condiments & Sauces,20628488008_EA
Sauce,$8.99 ,$8.99 ,"1 l, $0.90/100ml",Condiments & Sauces,/p/20031418_EA
Mayonnaise Type Dressing  Light With Olive Oil,$6.49 ,$6.49 ,"890 ml, $0.73/100ml",Condiments & Sauces,20627339001_EA
Chicken Stew Seasoning Mix,$1.49 ,$1.49 ,"40 g, $3.73/100g",Condiments & Sauces,/p/20800230_EA
Bouillon Powder Chicken ,$5.99 ,$6.99 ,"160 g, $3.74/100g",Condiments & Sauces,/p/21518162_EA
Stone Ground Dijon,$2.99 ,$2.99 ,"325 ml, $0.92/100ml",Condiments & Sauces,/p/21088288_EA
Old Style Mustard,$5.49 ,$5.49 ,"500 ml, $1.10/100ml",Condiments & Sauces,20032602002_EA
"Dressing, Sriracha Mayonnaise",$4.99 ,$5.99 ,"445 ml, $1.12/100ml",Condiments & Sauces,/p/20775047_EA
Brioche Croutons Sea Salt & Butter Flavour,$3.99 ,$3.99 ,"128 g, $3.12/100g",Condiments & Sauces,/p/21526300_EA
Bouillon Cubes a delicious blend Beef ,$1.99 ,$2.99 ,"63 g, $3.16/100g",Condiments & Sauces,20297436002_EA
Hot Sauce,$6.49 ,$6.49 ,"450 ml, $1.44/100ml",Condiments & Sauces,/p/21366545_EA
Creamy Honey Chipotle Mustard Spread,$3.99 ,$3.99 ,"325 ml, $1.23/100ml",Condiments & Sauces,/p/21432850_EA
Brown Sauce Mix,$2.29 ,$2.29 ,"25 g, $9.16/100g",Condiments & Sauces,/p/21203956_EA
"Salad Kits, Caesar Original",$3.49 ,$3.49 ,"132 g, $2.64/100g",Condiments & Sauces,/p/20763549_EA
Light Caesar Dressing,$7.99 ,$7.99 ,"750 ml, $1.07/100ml",Condiments & Sauces,/p/20161416_EA
"Hot Sauce, Hot Buffalo Wings Sauce",$4.99 ,$4.99 ,"354 ml, $1.41/100ml",Condiments & Sauces,/p/21088254_EA
Pieces,$5.49 ,$5.49 ,"79 g, $6.95/100g",Condiments & Sauces,/p/20322779_EA
Refrigerated Balsamic Vinaigrette,$4.99 ,$4.99 ,"350 ml, $1.43/100ml",Condiments & Sauces,/p/21183318_EA
Garlic & Herb Marinade,$4.99 ,$4.99 ,"375 ml, $1.33/100ml",Condiments & Sauces,20558780001_EA
Dipping Sauce Mix,$2.29 ,$2.29 ,"36 g, $6.36/100g",Condiments & Sauces,/p/21062259_EA
Peach Chutney,$4.29 ,$4.29 ,"250 ml, $1.72/100ml",Condiments & Sauces,/p/20093336_EA
Homestyle Gravy Mix Hot Chicken Sandwich,$2.29 ,$2.29 ,"51 g, $4.49/100g",Condiments & Sauces,/p/21062124_EA
Steak Spice Marinade,$4.99 ,$4.99 ,"375 ml, $1.33/100ml",Condiments & Sauces,20558780002_EA
Horseradish Mayo Sandwich Spread,$3.49 ,$3.49 ,"300 ml, $1.16/100ml",Condiments & Sauces,20320456004_EA
Poppyseed,$3.29 ,$3.29 ,"237 ml, $1.39/100ml",Condiments & Sauces,/p/21448141_EA
Pesto Parmesan Italian with Extra Virgin Olive Oil Salad Dressing,$3.79 ,$3.79 ,"475 ml, $0.80/100ml",Condiments & Sauces,/p/20868544_EA
Liquid Smoke Concentrated Seasoning Hickory Slow Smoked Flavour ,$3.19 ,$3.19 ,"103 ml, $3.10/100ml",Condiments & Sauces,/p/21333699_EA
Asian Blend Salad Topping,$4.29 ,$4.29 ,"100 g, $4.29/100g",Condiments & Sauces,20340542001_EA
Chicken Concentrate,$5.29 ,$5.29 ,"250 ml, $2.12/100ml",Condiments & Sauces,/p/21376971_EA
"Dressing Dilly Dip, Family Size",$6.99 ,$6.99 ,"591 ml, $1.18/100ml",Condiments & Sauces,/p/21185315_EA
Teriyaki Sauce,$5.49 ,$5.49 ,"350 ml, $1.57/100ml",Condiments & Sauces,20876697003_EA
Grilled Onion & Garlic BBQ Sauce,$2.99 ,$2.99 ,"425 ml, $0.70/100ml",Condiments & Sauces,20547834007_EA
"International Sauce Mix, Béarnaise",$2.29 ,$2.29 ,"56 g, $4.09/100g",Condiments & Sauces,20299224002_EA
Mayonnaise,$25.99 ,$25.99 ,"4 l, $0.65/100ml",Condiments & Sauces,/p/20021711_EA
Mayonnaise ,$5.79 ,$5.79 ,"750 ml, $0.77/100ml",Condiments & Sauces,/p/20301438_EA
Chili Sauce for Spring Rolls,$4.29 ,$4.29 ,"720 ml, $0.60/100ml",Condiments & Sauces,/p/20147767_EA
Honey Garlic Barbecue Sauce,$5.49 ,$5.49 ,"1 l, $0.55/100ml",Condiments & Sauces,/p/21358747_EA
Chipotle Ranch Dressing,$3.49 ,$3.49 ,"475 ml, $0.73/100ml",Condiments & Sauces,/p/20864314_EA
Hollandaise Sauce,$2.29 ,$2.29 ,"56 g, $4.09/100g",Condiments & Sauces,/p/20903025_EA
Crispy Jalapenos ,$4.99 ,$4.99 ,"142 g, $3.51/100g",Condiments & Sauces,/p/21163010_EA
"Authentic Mexican Hot Sauce, Green Pepper Sauce",$6.49 ,$6.49 ,"150 ml, $4.33/100ml",Condiments & Sauces,/p/21109033_EA
"Seasoning Mix, Hot'N Spicy Chili",$1.49 ,$1.49 ,"32 g, $4.66/100g",Condiments & Sauces,20323721010_EA
Salad Cream,$5.29 ,$5.29 ,"265 ml, $2.00/100ml",Condiments & Sauces,/p/20853617_EA
"Hot Pepper Sauce, Large",$2.29 ,$2.29 ,"170 ml, $1.35/100ml",Condiments & Sauces,/p/20106545_EA
"Just Add Juice BBQ Marinade, Citrus Herb",$2.29 ,$2.29 ,"32 g, $7.16/100g",Condiments & Sauces,20766396003_EA
Thousand Island Dressing,$3.79 ,$3.79 ,"475 ml, $0.80/100ml",Condiments & Sauces,20628297012_EA
Tomato Ketchup No Sugar Added,$5.49 ,$5.49 ,"750 ml, $0.73/100ml",Condiments & Sauces,/p/20762350_EA
Mayochup Sauce,$5.99 ,$5.99 ,"560 ml, $1.07/100ml",Condiments & Sauces,/p/21184346_EA
"Dry Sauce Mix, Hollandaise",$2.29 ,$2.29 ,"56 g, $4.09/100g",Condiments & Sauces,20299224001_EA
Memories of Tunisia Harissa Sauce,$5.49 ,$5.49 ,"350 ml, $1.57/100ml",Condiments & Sauces,/p/20974100_EA
"Dry Sauce Mix, Chicken Gravy, Gluten-Free",$1.49 ,$1.49 ,"25 g, $5.96/100g",Condiments & Sauces,/p/20800521_EA
Raspberry & White Balsamic Dressing ,$3.49 ,$3.49 ,"475 ml, $0.73/100ml",Condiments & Sauces,20627618011_EA
Condiment Pack,$5.99 ,$5.99 ,"375 ml, $0.53/100ml",Condiments & Sauces,/p/20552158_EA
Sun Dried Tomato and Oregano Salad Dressing,$3.79 ,$3.79 ,"475 ml, $0.80/100ml",Condiments & Sauces,20627333010_EA
"Coleslaw Dressing, Calorie Wise",$3.79 ,$3.79 ,"475 ml, $0.80/100ml",Condiments & Sauces,20628042002_EA
"Dry Sauce Mix, Pork Gravy",$1.49 ,$1.49 ,"24 g, $6.21/100g",Condiments & Sauces,20302378001_EA
Crumble,$17.99 ,$17.99 ,"567 g, $3.17/100g",Condiments & Sauces,/p/20069687_EA
Whipped Dressing,$4.99 ,$4.99 ,"890 ml, $0.56/100ml",Condiments & Sauces,/p/20618883_EA
"BBQ Sauce, Chicken & Rib",$2.49 ,$2.49 ,"455 ml, $0.55/100ml",Condiments & Sauces,20627619002_EA
"Slow Cooker Mix, Beef Stew",$1.49 ,$1.49 ,"42 g, $3.55/100g",Condiments & Sauces,20108350005_EA
Red Curry Paste,$4.99 ,$4.99 ,"112 g, $4.46/100g",Condiments & Sauces,20003373001_EA
Sweet Mango Chutney,$5.79 ,$5.79 ,"250 ml, $2.32/100ml",Condiments & Sauces,20217524001_EA
Honey Hoisin Stir-Fry Sauce,$2.99 ,$2.99 ,"350 ml, $0.85/100ml",Condiments & Sauces,20308422002_EA
Marinade - Honey Garlic Sauce,$3.47 ,$3.47 ,"341 ml, $1.02/100ml",Condiments & Sauces,/p/20297368_EA
Mixed Pickle,$5.99 ,$5.99 ,"1 kg, $0.60/100g",Condiments & Sauces,20627128002_EA
Soy Sauce All Purpose Seasoning Less Sodium,$6.99 ,$7.49 ,"591 ml, $1.18/100ml",Condiments & Sauces,/p/21456720_EA
Green Chilli Pickle,$3.99 ,$3.99 ,"0.5 kg, $0.80/100g",Condiments & Sauces,/p/20615432_EA
Mixed Pickle,$3.99 ,$3.99 ,"500 g, $0.80/100g",Condiments & Sauces,20016078001_EA
Mango Chutney,$4.29 ,$4.29 ,"250 ml, $1.72/100ml",Condiments & Sauces,/p/20077630_EA
Tahini Small     ,$5.99 ,$5.99 ,"454 g, $1.32/100g",Condiments & Sauces,/p/21217262_EA
Bouillon Cubes a delicious blend Beef ,$1.99 ,$2.99 ,"63 g, $3.16/100g",Condiments & Sauces,20297436002_EA
Hot Sauce,$6.49 ,$6.49 ,"450 ml, $1.44/100ml",Condiments & Sauces,/p/21366545_EA
Blue Cheese Dressing,$5.49 ,$5.49 ,"355 ml, $1.55/100ml",Condiments & Sauces,/p/20302778_EA
Chicken Marinade Mix,$2.29 ,$2.29 ,"32 g, $7.16/100g",Condiments & Sauces,/p/21061374_EA
"Gravy Mix, 4 Peppercorn",$1.49 ,$1.49 ,"31 g, $4.81/100g",Condiments & Sauces,20323504002_EA
"Marinade Mix, Meat",$1.49 ,$1.49 ,"32 g, $4.66/100g",Condiments & Sauces,20598248003_EA
Honey Dijon Mustard,$2.99 ,$2.99 ,"325 ml, $0.92/100ml",Condiments & Sauces,20318504003_EA
Caesar Dressing 730Ml,$7.29 ,$7.29 ,"730 ml, $1.00/100ml",Condiments & Sauces,/p/21109527_EA
Creamy Mustard Spread,$3.99 ,$3.99 ,"325 ml, $1.23/100ml",Condiments & Sauces,/p/21432829_EA
Microwave Popcorn! Butter Lovers Flavour (14-78 G Bags),$8.99 ,$8.99 ,"1092 g, $0.82/100g",Condiments & Sauces,/p/21206269_EA
Tom Yum Instant Hot And Sour Paste,$2.79 ,$2.79 ,"227 g, $1.23/100g",Condiments & Sauces,/p/20022197_EA
Creamy Coleslaw Dressing,$3.49 ,$3.49 ,"475 ml, $0.73/100ml",Condiments & Sauces,20628488008_EA
Sauce,$8.99 ,$8.99 ,"1 l, $0.90/100ml",Condiments & Sauces,/p/20031418_EA
Refrigerated Balsamic Vinaigrette,$4.99 ,$4.99 ,"350 ml, $1.43/100ml",Condiments & Sauces,/p/21183318_EA
Original Hot Sauce,$6.49 ,$6.49 ,"150 ml, $4.33/100ml",Condiments & Sauces,/p/21392271_EA
Memories Of Szechwan Mild Peanut Satay Sauce,$5.49 ,$5.49 ,"350 ml, $1.57/100ml",Condiments & Sauces,20311313001_EA
Sweet Chili Sauce for Chicken,$1.79 ,$2.19 ,"290 ml, $0.62/100ml",Condiments & Sauces,/p/20214568_EA
Refrigerated Greek Vinaigrette,$4.99 ,$4.99 ,"350 ml, $1.43/100ml",Condiments & Sauces,/p/21182915_EA
Dijon Mustard,$2.99 ,$2.99 ,"250 ml, $1.20/100ml",Condiments & Sauces,/p/20554765_EA
"Dry Sauce Mix, Turkey Gravy, Less Salt",$1.49 ,$1.49 ,"25 g, $5.96/100g",Condiments & Sauces,20302816007_EA
Pieces,$5.49 ,$5.49 ,"79 g, $6.95/100g",Condiments & Sauces,/p/20322779_EA
Green Chilli Sauce,$2.99 ,$2.99 ,"170 ml, $1.76/100ml",Condiments & Sauces,/p/21445735_EA
Coriander Chutney,$4.49 ,$4.49 ,"250 ml, $1.80/100ml",Condiments & Sauces,20321787002_EA
Condiment Pack,$5.99 ,$5.99 ,"375 ml, $0.53/100ml",Condiments & Sauces,/p/20552158_EA
"Seasoning Mix, Sloppy Joe",$1.49 ,$1.49 ,"37 g, $4.03/100g",Condiments & Sauces,20323721007_EA
OXO Sachets Bouillon Rich Flavour Low Salt Beef Flavour ,$4.29 ,$4.29 ,"72 g, $5.96/100g",Condiments & Sauces,20326122002_EA
French Dressing,$3.79 ,$3.79 ,"475 ml, $0.80/100ml",Condiments & Sauces,20628297006_EA
Sukiyaki Sauce ,$1.79 ,$1.79 ,"220 g, $0.81/100g",Condiments & Sauces,/p/21372518_EA
"Slow Cooker Mix, Pot Roast",$1.49 ,$1.49 ,"36 g, $4.14/100g",Condiments & Sauces,20108350004_EA
Caesar Dressing,$2.79 ,$2.79 ,"475 ml, $0.59/100ml",Condiments & Sauces,20628489001_EA
Hot Sauce Momento De Muerte Extra Hot,$7.79 ,$7.79 ,"148 ml, $5.26/100ml",Condiments & Sauces,/p/21171715_EA
Sweet Green Relish,$3.49 ,$3.49 ,"750 ml, $0.47/100ml",Condiments & Sauces,/p/20053787_EA
"Mayonnaise Type Dressing For Sandwiches, Salads, & Burgers",$5.49 ,$5.49 ,"445 ml, $1.23/100ml",Condiments & Sauces,20008233002_EA
Authentic Louisiana Hot Sauce Club Size,$6.99 ,$6.99 ,"1 l, $0.70/100ml",Condiments & Sauces,/p/20095576_EA
So Juicy Roast Chicken,$2.99 ,$2.99 ,"36 g, $8.31/100g",Condiments & Sauces,/p/21206705_EA
"Original Red Sauce, Club Pack",$12.49 ,$12.49 ,"350 ml, $3.57/100ml",Condiments & Sauces,/p/20061852_EA
BBQ Buffalo Thick Sauce,$4.99 ,$4.99 ,"354 ml, $1.41/100ml",Condiments & Sauces,/p/21352689_EA
Sugar Free Hickory BBQ Sauce,$6.99 ,$6.99 ,"490 ml, $1.43/100ml",Condiments & Sauces,/p/21096278_EA
Thaï Mango Curry Cooking Sauce,$4.49 ,$4.49 ,"400 ml, $1.12/100ml",Condiments & Sauces,/p/20295811_EA
Bibimbap Hot Sauce,$3.49 ,$3.99 ,"300 g, $1.16/100g",Condiments & Sauces,/p/21452960_EA
Chili Paste,$3.29 ,$3.29 ,"340 g, $1.57/100g",Condiments & Sauces,/p/20874066_EA
"Dry Sauce Mix, Yorkshire Pudding",$1.49 ,$1.49 ,"45 g, $3.31/100g",Condiments & Sauces,/p/20300847_EA
Brown Rice Red Pepper Paste Gochujang Medium Hot,$5.49 ,$6.49 ,"500 g, $1.10/100g",Condiments & Sauces,/p/21452984_EA
Jerk Marinade,$4.49 ,$5.49 ,"350 ml, $1.28/100ml",Condiments & Sauces,/p/20122943_EA
Plant Based Bolognese Pasta Sauce,$4.29 ,$4.29 ,"700 ml, $0.61/100ml",Condiments & Sauces,/p/21342540_EA
"International Sauce Mix, Lemon & Dill",$2.29 ,$2.29 ,"40 g, $5.73/100g",Condiments & Sauces,20322262001_EA
Dipping Sauce Mix 25% Less Salt,$2.29 ,$2.29 ,"36 g, $6.36/100g",Condiments & Sauces,/p/21060901_EA
Garlic Aioli,$4.99 ,$4.99 ,"355 ml, $1.41/100ml",Condiments & Sauces,/p/21095278_EA
"Prepared Mustard, Original Jar",$2.99 ,$2.99 ,"100 ml, $2.99/100ml",Condiments & Sauces,/p/20048957_EA
Premium Light Soy Sauce,$2.49 ,$2.79 ,"500 ml, $0.50/100ml",Condiments & Sauces,/p/20698142_EA
Ready Crisp® Fully Cooked Natural Bacon Pieces,$6.99 ,$6.99 ,"85 g, $8.22/100g",Condiments & Sauces,/p/20117778_EA
Sweet & Smoky Pulled Chicken Slow Cookers Seasoning Mix,$1.49 ,$1.49 ,"35 g, $4.26/100g",Condiments & Sauces,/p/20800511_EA
Homestyle Gravy Mix Hot Chicken Sandwich 25% Less Salt,$2.29 ,$2.29 ,"51 g, $4.49/100g",Condiments & Sauces,/p/21060909_EA
French Dressing,$3.79 ,$3.79 ,"475 ml, $0.80/100ml",Condiments & Sauces,20628297006_EA
Sukiyaki Sauce ,$1.79 ,$1.79 ,"220 g, $0.81/100g",Condiments & Sauces,/p/21372518_EA
Golden Italian Dressing,$3.79 ,$3.79 ,"475 ml, $0.80/100ml",Condiments & Sauces,20628297007_EA
Honey Garlic Bonanza BBQ Sauce,$2.99 ,$2.99 ,"425 ml, $0.70/100ml",Condiments & Sauces,20547834003_EA
Smokin' Stampede Beer and Chipotle Barbecue Sauce,$6.49 ,$6.49 ,"1 l, $0.65/100ml",Condiments & Sauces,/p/20349189_EA
Sweet & Salty Blend Salad Topping,$4.29 ,$4.29 ,"100 g, $4.29/100g",Condiments & Sauces,/p/21219914_EA
Squeeze Sweet Green Relish,$4.29 ,$4.29 ,"500 ml, $0.86/100ml",Condiments & Sauces,/p/20025249_EA
Honey Mustard,$2.99 ,$2.99 ,"325 ml, $0.92/100ml",Condiments & Sauces,20056405001_EA
Sauce Rib & Chicken,$2.99 ,$2.99 ,"500 ml, $0.60/100ml",Condiments & Sauces,/p/21184618_EA
"Greek Tzatziki Salad Dressing & Topping, Gluten Free",$4.99 ,$4.99 ,"473 ml, $1.05/100ml",Condiments & Sauces,/p/20923713_EA
Redhot Thick Sauce Garlic Parmesan,$4.99 ,$4.99 ,"354 ml, $1.41/100ml",Condiments & Sauces,/p/21517948_EA
Balsamic Vinaigrette,$3.79 ,$3.79 ,"475 ml, $0.80/100ml",Condiments & Sauces,20627333002_EA
Garlic Hoisin Sauce,$3.49 ,$3.49 ,"445 ml, $0.78/100ml",Condiments & Sauces,/p/21371596_EA
Mint Sauce,$5.49 ,$5.49 ,"250 ml, $2.20/100ml",Condiments & Sauces,20306974002_EA
Tomato Ketchup Hot & Spicy,$5.49 ,$5.49 ,"750 ml, $0.73/100ml",Condiments & Sauces,20115102002_EA
BBQ Sauce with Garlic,$2.49 ,$2.49 ,"455 ml, $0.55/100ml",Condiments & Sauces,20627619003_EA
Mayonnaise,$5.79 ,$5.79 ,"890 ml, $0.65/100ml",Condiments & Sauces,/p/20618892_EA
Gochujang Wing Sauce,$4.29 ,$4.29 ,"350 ml, $1.23/100ml",Condiments & Sauces,/p/21395951_EA
"Slow Cooker Mix, Pot Roast",$1.49 ,$1.49 ,"36 g, $4.14/100g",Condiments & Sauces,20108350004_EA
"Seasoning Mix, Sloppy Joe",$1.49 ,$1.49 ,"37 g, $4.03/100g",Condiments & Sauces,20323721007_EA
OXO Sachets Bouillon Rich Flavour Low Salt Beef Flavour ,$4.29 ,$4.29 ,"72 g, $5.96/100g",Condiments & Sauces,20326122002_EA
Greek Dressing,$4.99 ,$4.99 ,"355 ml, $1.41/100ml",Condiments & Sauces,/p/21333732_EA
Bouillon Cubes Vegetable ,$1.99 ,$2.99 ,"69 g, $2.88/100g",Condiments & Sauces,20297436003_EA
Seasoning (Yellow Cap),$7.49 ,$7.49 ,"800 ml, $0.94/100ml",Condiments & Sauces,/p/20146825_EA
"Seasoning Mix, Beef Stew",$1.49 ,$1.49 ,"43 g, $3.47/100g",Condiments & Sauces,20323721002_EA
Fat Free Italian Salad Dressing,$3.79 ,$3.79 ,"475 ml, $0.80/100ml",Condiments & Sauces,20627613002_EA
Caesar Dressing,$2.79 ,$2.79 ,"475 ml, $0.59/100ml",Condiments & Sauces,20628489001_EA
"Sloppy Joe Seasoning Mix, Less Salt",$1.49 ,$1.49 ,"37 g, $4.03/100g",Condiments & Sauces,/p/20797697_EA
Zesty Italian Dressing,$3.49 ,$3.49 ,"475 ml, $0.73/100ml",Condiments & Sauces,20628488010_EA
Sauce Western Smokehouse,$3.69 ,$3.69 ,"500 ml, $0.74/100ml",Condiments & Sauces,/p/21184616_EA
Hot Sauce Momento De Muerte Extra Hot,$7.79 ,$7.79 ,"148 ml, $5.26/100ml",Condiments & Sauces,/p/21171715_EA
Sweet Green Relish,$3.49 ,$3.49 ,"750 ml, $0.47/100ml",Condiments & Sauces,/p/20053787_EA
"Mayonnaise Type Dressing For Sandwiches, Salads, & Burgers",$5.49 ,$5.49 ,"445 ml, $1.23/100ml",Condiments & Sauces,20008233002_EA
Authentic Louisiana Hot Sauce Club Size,$6.99 ,$6.99 ,"1 l, $0.70/100ml",Condiments & Sauces,/p/20095576_EA
So Juicy Roast Chicken,$2.99 ,$2.99 ,"36 g, $8.31/100g",Condiments & Sauces,/p/21206705_EA
"Original Red Sauce, Club Pack",$12.49 ,$12.49 ,"350 ml, $3.57/100ml",Condiments & Sauces,/p/20061852_EA
BBQ Buffalo Thick Sauce,$4.99 ,$4.99 ,"354 ml, $1.41/100ml",Condiments & Sauces,/p/21352689_EA
Sugar Free Hickory BBQ Sauce,$6.99 ,$6.99 ,"490 ml, $1.43/100ml",Condiments & Sauces,/p/21096278_EA
Honey Garlic Wing Sauce ,$4.29 ,$4.29 ,"350 ml, $1.23/100ml",Condiments & Sauces,/p/21062256_EA
"Dry Sauce Mix, Au Jus Gravy",$1.49 ,$1.49 ,"21 g, $7.10/100g",Condiments & Sauces,20302378003_EA
Creamy Cucumber Dressing,$3.49 ,$3.49 ,"475 ml, $0.73/100ml",Condiments & Sauces,20323393001_EA
Sweet Barbecue Sauce,$4.29 ,$4.29 ,"350 ml, $1.23/100ml",Condiments & Sauces,/p/21406057_EA
Horseradish Dijon Mustard,$2.49 ,$2.49 ,"325 ml, $0.77/100ml",Condiments & Sauces,20050452004_EA
Soy Sauce,$2.99 ,$2.99 ,"150 ml, $1.99/100ml",Condiments & Sauces,/p/20073286_EA
Seasoning (Red Cap),$3.49 ,$4.29 ,"200 ml, $1.75/100ml",Condiments & Sauces,/p/20123023_EA
Xtra Hot Cayenne Pepper Sauce,$4.99 ,$4.99 ,"354 ml, $1.41/100ml",Condiments & Sauces,20187632004_EA
"Dipping Sauce, Sweet Thai Chili",$3.47 ,$3.47 ,"341 ml, $1.02/100ml",Condiments & Sauces,20322926004_EA
Tabasco Hot Sauce,$3.49 ,$3.49 ,"57 ml, $6.12/100ml",Condiments & Sauces,/p/20037570_EA
Spicy Thai Chili,$3.47 ,$3.47 ,"341 ml, $1.02/100ml",Condiments & Sauces,20322926002_EA
Pad Thaï Cooking Sauce,$4.49 ,$4.49 ,"400 ml, $1.12/100ml",Condiments & Sauces,/p/20075022_EA
Carrot Chilli Pickle,$4.99 ,$4.99 ,"500 g, $1.00/100g",Condiments & Sauces,20865956001_EA
Sweet & Sour Stir Fry Sauce,$1.99 ,$2.29 ,"140 ml, $1.42/100ml",Condiments & Sauces,20591677003_EA
Tikka Masala Cooking Sauce for 2,$3.49 ,$3.49 ,"200 ml, $1.75/100ml",Condiments & Sauces,/p/20770706_EA
Soy Sauce,$2.49 ,$2.49 ,"500 ml, $0.50/100ml",Condiments & Sauces,/p/20703399_EA
Stir-Fry Sauce - Szechwan,$3.47 ,$3.47 ,"355 ml, $0.98/100ml",Condiments & Sauces,20308726007_EA
"Lime Pickle, Hot",$4.99 ,$4.99 ,"500 g, $1.00/100g",Condiments & Sauces,20865956003_EA
Cherry Dipping Sauce,$3.47 ,$3.47 ,"341 ml, $1.02/100ml",Condiments & Sauces,/p/20984003_EA
Sauce Pad Thai,$4.49 ,$4.99 ,"270 ml, $1.66/100ml",Condiments & Sauces,/p/21217590_EA
Pineapple Jerk Medium,$3.47 ,$3.47 ,"341 ml, $1.02/100ml",Condiments & Sauces,/p/21127165_EA
Madras Curry Paste,$6.49 ,$6.49 ,"284 ml, $2.29/100ml",Condiments & Sauces,20307057007_EA
Mango Pickle,$5.99 ,$5.99 ,"1 kg, $0.60/100g",Condiments & Sauces,20627128001_EA
Turkey Gravy Mix,$2.29 ,$2.29 ,"25 g, $9.16/100g",Condiments & Sauces,/p/21203800_EA
Korean Barbecue Sauce,$4.99 ,$4.99 ,"297 ml, $1.68/100ml",Condiments & Sauces,/p/20703471_EA
Yellow Mustard,$2.99 ,$2.99 ,"325 ml, $0.92/100ml",Condiments & Sauces,/p/20949217_EA
Homestyle Chili Sauce,$5.79 ,$5.79 ,"455 ml, $1.27/100ml",Condiments & Sauces,20041406001_EA
Soy Sauce,$5.99 ,$5.99 ,"1.9 l, $0.32/100ml",Condiments & Sauces,/p/20703390_EA
Pasta Sauce Mix Alfredo no artificial flavours,$2.99 ,$2.99 ,"37 g, $8.08/100g",Condiments & Sauces,20323323001_EA
Plant Based Mayo Style Spread,$6.99 ,$6.99 ,"685 ml, $1.02/100ml",Condiments & Sauces,/p/21531581_EA
Worcestershire Sauce,$5.29 ,$5.29 ,"284 ml, $1.86/100ml",Condiments & Sauces,/p/20063633_EA
Classic Roast Gravy Mix Brown,$2.29 ,$2.29 ,"30 g, $7.63/100g",Condiments & Sauces,20307866006_EA
Raspberry Vinaigrette,$3.29 ,$3.29 ,"237 ml, $1.39/100ml",Condiments & Sauces,/p/21448127_EA
"Pork Gravy Mix, 25% Less Salt",$1.49 ,$1.49 ,"24 g, $6.21/100g",Condiments & Sauces,20302378004_EA
Roasted Garlic Mayo Sandwich Spread,$3.49 ,$3.49 ,"300 ml, $1.16/100ml",Condiments & Sauces,20320456001_EA
Fully Cooked Real Bacon Bits,$15.99 ,$15.99 ,"567 g, $2.82/100g",Condiments & Sauces,/p/21448475_EA
"Peri Peri Sauce, Medium",$6.99 ,$6.99 ,"250 ml, $2.80/100ml",Condiments & Sauces,/p/21004938_EA
"Dry Sauce Mix, Brown Gravy, Gluten-Free",$1.49 ,$1.49 ,"25 g, $5.96/100g",Condiments & Sauces,20695762002_EA
"Seasoning Mix, Taco",$1.49 ,$1.49 ,"35 g, $4.26/100g",Condiments & Sauces,/p/20801021_EA
Butter Chicken Cooking Sauce,$5.49 ,$5.49 ,"400 ml, $1.37/100ml",Condiments & Sauces,20217180002_EA
Sauce Red Chilli,$2.99 ,$2.99 ,"170 ml, $1.76/100ml",Condiments & Sauces,/p/21445734_EA
"Chutney Sauce, Coriander",$3.99 ,$3.99 ,"455 ml, $0.88/100ml",Condiments & Sauces,20299612002_EA
"Cooking Sauce, Coconut Curry",$4.99 ,$4.99 ,"375 ml, $1.33/100ml",Condiments & Sauces,/p/20874958_EA
Ginger Garlic Paste Ground Ginger & Garlic,$7.49 ,$7.49 ,"700 g, $1.07/100g",Condiments & Sauces,/p/21447370_EA
Loads Of Garlic Caesar Dressing,$4.99 ,$4.99 ,"355 ml, $1.41/100ml",Condiments & Sauces,/p/21378145_EA
Hot & Sweet Tomato Chili Sauce,$3.99 ,$3.99 ,"340 ml, $1.17/100ml",Condiments & Sauces,/p/20687724_EA
Garlic Paste Ground Garlic,$4.49 ,$4.49 ,"310 g, $1.45/100g",Condiments & Sauces,/p/21447373_EA
Asian Sesame Vinaigrette Salad Dressing,$5.49 ,$5.49 ,"350 ml, $1.57/100ml",Condiments & Sauces,/p/20300994_EA
Ginger Garlic Paste Ground Ginger & Garlic,$4.49 ,$4.49 ,"310 g, $1.45/100g",Condiments & Sauces,/p/21447372_EA
Sriracha Hot Chilli Sauce,$4.99 ,$4.99 ,"815 g, $0.61/100g",Condiments & Sauces,/p/21499504_EA
Mint Chutney,$4.49 ,$4.49 ,"250 ml, $1.80/100ml",Condiments & Sauces,20321787005_EA
Tikka Masala Sauce.,$4.99 ,$4.99 ,"375 ml, $1.33/100ml",Condiments & Sauces,20419490003_EA
"Breadsticks and Cheese, Processed Cheese Product",$1.79 ,$1.79 ,"3x29.0 g, $2.06/100g",Spices & Seasonings,/p/20889881_EA
Garlic Powder,$2.49 ,$2.49 ,"150 g, $1.66/100g",Spices & Seasonings,/p/20617758_EA
Onion Powder,$2.49 ,$2.49 ,"150 g, $1.66/100g",Spices & Seasonings,/p/20617736_EA
Chopped Garlic,$3.79 ,$3.79 ,"250 g, $1.52/100g",Spices & Seasonings,/p/20123251_EA
Maple & Brown Sugar Flavour Instant Oatmeal,$3.49 ,$3.97 ,"344 g, $1.01/100g",Spices & Seasonings,/p/21190254_EA
Oregano Leaves,$2.49 ,$2.49 ,"30 g, $8.30/100g",Spices & Seasonings,/p/20619627_EA
Paprika,$2.49 ,$2.49 ,"150 g, $1.66/100g",Spices & Seasonings,/p/20618072_EA
Iodized Table Salt,$1.49 ,$1.49 ,"1 kg, $0.15/100g",Spices & Seasonings,/p/20126203_EA
Italian-Style Seasoning,$2.49 ,$2.49 ,"35 g, $7.11/100g",Spices & Seasonings,/p/20078306_EA
Instant Oatmeal 3 Flavour Variety Pack,$3.49 ,$3.97 ,"314 g, $1.11/100g",Spices & Seasonings,/p/21190260_EA
Ground Cinnamon,$3.29 ,$3.29 ,"150 g, $2.19/100g",Spices & Seasonings,/p/20618677_EA
Chili Powder,$2.49 ,$2.49 ,"150 g, $1.66/100g",Spices & Seasonings,/p/20618363_EA
Ground Black Pepper,$3.79 ,$3.79 ,"150 g, $2.53/100g",Spices & Seasonings,/p/20618086_EA
Basil Leaves,$2.49 ,$2.49 ,"40 g, $6.23/100g",Spices & Seasonings,/p/20617720_EA
Apples & Cinnamon Instant Oatmeal,$3.49 ,$3.97 ,"264 g, $1.32/100g",Spices & Seasonings,/p/21190251_EA
Parsley Flakes,$2.49 ,$2.49 ,"15 g, $16.60/100g",Spices & Seasonings,/p/20618784_EA
"Sea Salt, Fine",$5.49 ,$5.49 ,"500 g, $1.10/100g",Spices & Seasonings,20026128001_EA
Panko,$3.99 ,$3.99 ,"227 g, $1.76/100g",Spices & Seasonings,/p/20582708_EA
Bay Leaves,$2.99 ,$2.99 ,"20 g, $14.95/100g",Spices & Seasonings,/p/20617953_EA
Ground Cumin,$1.99 ,$1.99 ,"97 g, $2.05/100g",Spices & Seasonings,/p/20618033_EA
Shake'n Bake Crispy Chicken Coating Mix,$6.99 ,$6.99 ,"152 g, $4.60/100g",Spices & Seasonings,20318460002_EA
Sesame Seeds,$2.49 ,$2.49 ,"150 g, $1.66/100g",Spices & Seasonings,/p/20617756_EA
Italian Style Bread Crumbs with Italian Romano Cheese,$5.79 ,$5.79 ,"680 g, $0.85/100g",Spices & Seasonings,/p/20184061_EA
Extra Crispy Coating Mix ,$2.79 ,$2.79 ,"152 g, $1.84/100g",Spices & Seasonings,/p/21122657_EA
Black Peppercorns,$3.79 ,$3.79 ,"125 g, $3.03/100g",Spices & Seasonings,/p/20618775_EA
Thyme Leaves,$2.49 ,$2.49 ,"45 g, $5.53/100g",Spices & Seasonings,/p/20132840_EA
Minced Ginger,$3.29 ,$3.29 ,"120 g, $2.74/100g",Spices & Seasonings,/p/20102370_EA
Crushed Red Pepper ,$2.49 ,$2.49 ,"60 g, $4.15/100g",Spices & Seasonings,/p/20618069_EA
Vanilla Extract Pure,$9.99 ,$9.99 ,"125 ml, $7.99/100ml",Spices & Seasonings,/p/21517820_EA
Panko Bread Crumbs,$4.29 ,$4.29 ,"227 g, $1.89/100g",Spices & Seasonings,/p/20069696_EA
Chopped Garlic,$6.79 ,$6.79 ,"1 kg, $0.68/100g",Spices & Seasonings,/p/21013899_EA
Kosher Salt,$3.99 ,$3.99 ,"1.36 kg, $0.29/100g",Spices & Seasonings,/p/21106011_EA
Garlic Powder Club Size,$7.99 ,$7.99 ,"700 g, $1.14/100g",Spices & Seasonings,/p/20114725_EA
Rosemary Leaves,$2.49 ,$2.49 ,"50 g, $4.98/100g",Spices & Seasonings,/p/20617972_EA
"Garlic, Minced",$4.79 ,$4.79 ,"250 g, $1.92/100g",Spices & Seasonings,/p/20142463_EA
Cinnamon Sticks,$3.99 ,$3.99 ,"100 g, $3.99/100g",Spices & Seasonings,/p/20617739_EA
Curry Powder,$2.49 ,$2.49 ,"125 g, $1.99/100g",Spices & Seasonings,/p/20618772_EA
Ground Ginger,$2.99 ,$2.99 ,"100 g, $2.99/100g",Spices & Seasonings,/p/20618367_EA
Iodized Sea Salt    ,$2.39 ,$2.39 ,"750 g, $0.32/100g",Spices & Seasonings,/p/20088518_EA
Original Coating Mix ,$2.79 ,$2.79 ,"142 g, $1.96/100g",Spices & Seasonings,/p/21122663_EA
Ground Mustard,$2.49 ,$2.49 ,"100 g, $2.49/100g",Spices & Seasonings,/p/20618573_EA
Tellicherry Black Peppercorns ,$7.99 ,$7.99 ,"180 g, $4.44/100g",Spices & Seasonings,/p/20051643_EA
"La Grille, Montreal Steak Spice Seasoning",$6.49 ,$6.49 ,"188 g, $3.45/100g",Spices & Seasonings,20321740001_EA
Nutmeg Ground,$3.79 ,$3.79 ,"125 g, $3.03/100g",Spices & Seasonings,/p/20618044_EA
Seasoned Panko Bread Crumbs,$3.99 ,$3.99 ,"227 g, $1.76/100g",Spices & Seasonings,/p/20572734_EA
Crispy Rice Marshmallow Squares,$6.99 ,$6.99 ,"528 g, $1.32/100g",Spices & Seasonings,/p/20702577_EA
Garlic Salt,$2.49 ,$2.49 ,"250 g, $1.00/100g",Spices & Seasonings,/p/20618040_EA
Southern Fried-Style Coating Mix ,$2.79 ,$2.79 ,"142 g, $1.96/100g",Spices & Seasonings,/p/21122661_EA
Plain Bread Crumbs,$4.29 ,$4.29 ,"425 g, $1.01/100g",Spices & Seasonings,20871099002_EA
Mediterranean Sea Salts,$7.49 ,$7.49 ,"360 g, $2.08/100g",Spices & Seasonings,/p/20094899_EA
"Signature, Blends Italiano",$6.79 ,$6.79 ,"123 g, $5.52/100g",Spices & Seasonings,20308006002_EA
Memories Of Sicilia Fine Sea Salts,$3.99 ,$3.99 ,"750 g, $0.53/100g",Spices & Seasonings,20169031001_EA
"Ground Cinnamon, Club Size",$7.99 ,$7.99 ,"560 g, $1.43/100g",Spices & Seasonings,/p/20036631_EA
Herbes de Provence,$5.49 ,$5.49 ,"18 g, $30.50/100g",Spices & Seasonings,/p/21117358_EA
Beer Batter Mix,$3.29 ,$3.29 ,"284 g, $1.16/100g",Spices & Seasonings,20252022001_EA
Everything Bagel Seasoning,$3.99 ,$3.99 ,"65 g, $6.14/100g",Spices & Seasonings,/p/21298326_EA
Poultry Seasoning,$3.99 ,$3.99 ,"30 g, $13.30/100g",Spices & Seasonings,/p/21117376_EA
Organic Rosemary Leaves,$2.79 ,$2.79 ,"14 g, $19.93/100g",Spices & Seasonings,/p/20957188_EA
Himalayan Pink Salt With Black Pepper And Garlic,$6.99 ,$6.99 ,"181 g, $3.86/100g",Spices & Seasonings,/p/21300289_EA
Poppy Seeds,$2.49 ,$2.49 ,"150 g, $1.66/100g",Spices & Seasonings,/p/20639755_EA
Chipotle Chili Pepper,$5.99 ,$5.99 ,"33 g, $18.15/100g",Spices & Seasonings,/p/21379260_EA
Black Peppercorns Grinder,$4.29 ,$4.29 ,"34 g, $12.62/100g",Spices & Seasonings,/p/21464745_EA
Ground Cloves ,$5.99 ,$5.99 ,"33 g, $18.15/100g",Spices & Seasonings,/p/21379279_EA
Smoked Paprika ,$5.99 ,$5.99 ,"40 g, $14.98/100g",Spices & Seasonings,/p/21379335_EA
Ground Black Pepper,$5.49 ,$5.49 ,"48 g, $11.44/100g",Spices & Seasonings,/p/21111110_EA
"One Step Seasoning, Tex Mex",$11.49 ,$11.49 ,"560 g, $2.05/100g",Spices & Seasonings,/p/20014862_EA
Organic Paprika,$2.79 ,$2.79 ,"40 g, $6.98/100g",Spices & Seasonings,/p/20957257_EA
Garlic & Herb Seasoning Blend,$8.99 ,$8.99 ,"192 g, $4.68/100g",Spices & Seasonings,20020151002_EA
Canning & Pickling Coarse Salt,$3.49 ,$3.49 ,"1.36 kg, $0.26/100g",Spices & Seasonings,/p/20707925_EA
Eggnog Spice Blend,$7.99 ,$7.99 ,"53 g, $15.08/100g",Spices & Seasonings,/p/21418712_EA
Himalayan Pink Salt Grinder,$4.29 ,$4.29 ,"70 g, $6.13/100g",Spices & Seasonings,/p/21464743_EA
"Signature Blends, Lemon and Herbs",$6.79 ,$6.79 ,"134 g, $5.07/100g",Spices & Seasonings,20301395001_EA
Spice Blend Spanish Paella,$3.99 ,$3.99 ,"90 g, $4.43/100g",Spices & Seasonings,/p/21400362_EA
Organic Garlic Salt Grinder,$8.99 ,$8.99 ,"123 g, $7.31/100g",Spices & Seasonings,/p/21194853_EA
"One Step Seasoning, Original, Salt Free",$6.79 ,$6.79 ,"125 g, $5.43/100g",Spices & Seasonings,/p/20765396_EA
Cinnamon Sugar,$3.99 ,$3.99 ,"82 g, $4.87/100g",Spices & Seasonings,/p/21116909_EA
All Purpose and Natural Seasoning,$5.29 ,$5.29 ,"260 g, $2.65/100g",Spices & Seasonings,/p/20417214_EA
Ground Thyme,$3.99 ,$3.99 ,"38 g, $10.50/100g",Spices & Seasonings,/p/21117357_EA
Bay Leaves,$4.99 ,$4.99 ,"7 g, $71.29/100g",Spices & Seasonings,/p/21111109_EA
"La Grille, Salt Free Chicken Seasoning",$6.49 ,$6.49 ,"131 g, $4.95/100g",Spices & Seasonings,20320556002_EA
Ground Turmeric ,$4.99 ,$4.99 ,"32 g, $15.59/100g",Spices & Seasonings,/p/21379309_EA
Jamaican Curry Powder,$5.49 ,$5.49 ,"500 g, $1.10/100g",Spices & Seasonings,/p/20297061_EA
Poultry Rub Seasoning,$4.79 ,$4.79 ,"100 g, $4.79/100g",Spices & Seasonings,20301893001_EA
"Sage, Ground",$4.29 ,$4.29 ,"18 g, $23.83/100g",Spices & Seasonings,/p/20057776_EA
Coarse Sea Salt,$5.49 ,$5.49 ,"500 g, $1.10/100g",Spices & Seasonings,20026128002_EA
Paprika,$8.29 ,$8.29 ,"119 g, $6.97/100g",Spices & Seasonings,/p/20123211_EA
Paprika,$10.99 ,$10.99 ,"540 g, $2.04/100g",Spices & Seasonings,/p/20139095_EA
Chili Powder,$4.99 ,$4.99 ,"54 g, $9.24/100g",Spices & Seasonings,/p/21116906_EA
Ground Cayenne Pepper ,$4.99 ,$4.99 ,"33 g, $15.12/100g",Spices & Seasonings,/p/21379350_EA
Sriracha Seasoning,$3.99 ,$3.99 ,"68 g, $5.87/100g",Spices & Seasonings,/p/21117377_EA
Garlic Parmesan Seasoning,$7.29 ,$7.29 ,"122 g, $5.98/100g",Spices & Seasonings,/p/21438314_EA
Roasted Garlic Seasoning,$5.49 ,$5.49 ,"110 g, $4.99/100g",Spices & Seasonings,/p/20301331_EA
Pepper Medley Grinder,$4.49 ,$4.49 ,"24 g, $18.71/100g",Spices & Seasonings,20627204002_EA
Grilling Organic Steak Seasoning,$9.99 ,$9.99 ,"100 g, $9.99/100g",Spices & Seasonings,/p/21408856_EA
"One Step Seasoning, Greek",$11.99 ,$11.99 ,"510 g, $2.35/100g",Spices & Seasonings,/p/20017202_EA
Black Peppercorns,$4.99 ,$4.99 ,"48 g, $10.40/100g",Spices & Seasonings,/p/20152032_EA
Peppercorn,$26.79 ,$26.79 ,"580 g, $4.62/100g",Spices & Seasonings,/p/20153423_EA
Parsley Flakes ,$3.99 ,$3.99 ,"85 g, $4.69/100g",Spices & Seasonings,/p/20174511_EA
"Sea Salt, Coarse",$6.99 ,$6.99 ,"750 g, $0.93/100g",Spices & Seasonings,20323596002_EA
Dehydrated Chopped Onion,$5.99 ,$5.99 ,"300 g, $2.00/100g",Spices & Seasonings,/p/21021828_EA
Poultry Seasoning,$3.99 ,$3.99 ,"25 g, $15.96/100g",Spices & Seasonings,/p/20175185_EA
Monosodium Glutamate,$4.99 ,$4.99 ,"300 g, $1.66/100g",Spices & Seasonings,/p/20301804_EA
Dehydrated Minced Onion,$2.49 ,$2.49 ,"105 g, $2.37/100g",Spices & Seasonings,/p/20618571_EA
Ox Tail Seasoning,$3.99 ,$3.99 ,"330 g, $1.21/100g",Spices & Seasonings,20182863002_EA
Himalayan Pink Salt  ,$2.49 ,$2.49 ,"500 g, $0.50/100g",Spices & Seasonings,/p/21371883_EA
Tandoori Chicken BBQ Spice Mix,$1.79 ,$2.29 ,"50 g, $3.58/100g",Spices & Seasonings,20160022001_EA
Powder Pomegranate,$2.99 ,$2.99 ,"200 g, $1.50/100g",Spices & Seasonings,/p/20714184_EA
"Ground Cumin, Pisa Jeera",$4.29 ,$4.29 ,"400 g, $1.07/100g",Spices & Seasonings,/p/20618031_EA
Ground Black Pepper,$23.99 ,$23.99 ,"1 kg, $2.40/100g",Spices & Seasonings,/p/21160322_EA
Nihari Curry Spice Mix,$1.79 ,$2.29 ,"60 g, $2.98/100g",Spices & Seasonings,20323215004_EA
Tamarind Without Seeds,$3.99 ,$3.99 ,"400 g, $1.00/100g",Spices & Seasonings,/p/20713005_EA
Chicken Curry Masala,$2.29 ,$2.29 ,"100 g, $2.29/100g",Spices & Seasonings,/p/20687433_EA
Red Pepper Powder Fine Grind,$6.99 ,$6.99 ,"500 g, $1.40/100g",Spices & Seasonings,/p/21425499_EA
Special Bombay Biryani Mix,$1.79 ,$2.29 ,"60 g, $2.98/100g",Spices & Seasonings,20323215002_EA
Ground Coriander ,$1.49 ,$1.49 ,"100 g, $1.49/100g",Spices & Seasonings,/p/20618679_EA
Garam Masala,$3.79 ,$3.79 ,"400 g, $0.95/100g",Spices & Seasonings,/p/20617719_EA
Ground Nutmeg ,$4.79 ,$4.79 ,"100 g, $4.79/100g",Spices & Seasonings,/p/20617708_EA
Ground Turmeric ,$3.79 ,$3.79 ,"400 g, $0.95/100g",Spices & Seasonings,/p/20617737_EA
Coriander Seed ,$1.49 ,$1.49 ,"100 g, $1.49/100g",Spices & Seasonings,/p/20189825_EA
Sindhi Biryani Spice Mix,$1.79 ,$2.29 ,"65 g, $2.75/100g",Spices & Seasonings,20323215008_EA
Green Cardamom Seed ,$3.49 ,$3.49 ,"50 g, $6.98/100g",Spices & Seasonings,/p/20618034_EA
Ackee & Salt Fish Seasoning,$4.49 ,$4.49 ,"300 g, $1.50/100g",Spices & Seasonings,/p/20417215_EA
No Sodium Salt Substitute,$7.49 ,$7.49 ,"311 g, $2.41/100g",Spices & Seasonings,/p/21191244_EA
Seasoning Black Garlic Blend ,$5.99 ,$5.99 ,"62 g, $9.66/100g",Spices & Seasonings,/p/21379256_EA
Cumin Seeds,$4.99 ,$4.99 ,"50 g, $9.98/100g",Spices & Seasonings,/p/21117323_EA
Celery Seed,$3.99 ,$3.99 ,"50 g, $7.98/100g",Spices & Seasonings,/p/21117295_EA
Curry Powder,$1.99 ,$1.99 ,"85 g, $2.34/100g",Spices & Seasonings,20318256001_EA
Chutney Podina Powder,$2.29 ,$2.29 ,"100 g, $2.29/100g",Spices & Seasonings,20854532003_EA
Onion Salt,$2.49 ,$2.49 ,"200 g, $1.25/100g",Spices & Seasonings,/p/20618079_EA
Ground Coriander Seed ,$4.99 ,$4.99 ,"28 g, $17.82/100g",Spices & Seasonings,/p/21379349_EA
Ground Cloves,$6.49 ,$6.49 ,"37 g, $17.54/100g",Spices & Seasonings,/p/20004630_EA
Cayenne Pepper,$7.29 ,$7.29 ,"81 g, $9.00/100g",Spices & Seasonings,/p/20176766_EA
Moroccan Seasoning Mix,$1.99 ,$1.99 ,"24 g, $8.29/100g",Spices & Seasonings,/p/21300943_EA
Original Seasoning,$4.29 ,$4.29 ,"74 g, $5.80/100g",Spices & Seasonings,/p/20047712_EA
Chaat Masala Seasoning Mix,$2.29 ,$2.29 ,"100 g, $2.29/100g",Spices & Seasonings,20871089001_EA
Crushed Chillies,$2.79 ,$2.79 ,"200 g, $1.40/100g",Spices & Seasonings,/p/20617710_EA
Salads'n Dips Seasoning Mix Spicy Guacamole,$1.79 ,$1.79 ,"20 g, $8.95/100g",Spices & Seasonings,/p/21523398_EA
Ground Coriander,$3.99 ,$3.99 ,"36 g, $11.08/100g",Spices & Seasonings,/p/21117321_EA
Smoky Bourbon Rub Spice Blend,$6.49 ,$6.49 ,"90 g, $7.21/100g",Spices & Seasonings,/p/21400352_EA
"Garlic, Puree",$2.79 ,$2.79 ,"125 g, $2.23/100g",Spices & Seasonings,/p/20110312_EA
"One Step Seasoning, Greek",$6.79 ,$6.79 ,"120 g, $5.66/100g",Spices & Seasonings,20308006003_EA
Garlic,$6.49 ,$6.49 ,"45 g, $14.42/100g",Spices & Seasonings,/p/21090047_EA
Organic Groud Cumin,$2.79 ,$2.79 ,"40 g, $6.98/100g",Spices & Seasonings,/p/20957192_EA
Ground Cinnamon,$5.99 ,$5.99 ,"42 g, $14.26/100g",Spices & Seasonings,/p/21381986_EA
Onion Powder Organic,$2.79 ,$2.79 ,"44 g, $6.34/100g",Spices & Seasonings,/p/21086538_EA
Mustard Seed,$7.49 ,$7.49 ,"165 g, $4.54/100g",Spices & Seasonings,/p/20083791_EA
All Purpose Seasoning,$5.49 ,$5.49 ,"900 g, $0.61/100g",Spices & Seasonings,/p/20311973_EA
Organic Ground Black Pepper,$2.79 ,$2.79 ,"28 g, $9.96/100g",Spices & Seasonings,/p/20997233_EA
Ground White Pepper,$3.79 ,$3.79 ,"110 g, $3.45/100g",Spices & Seasonings,/p/20617954_EA
Poppy Seeds,$7.49 ,$7.49 ,"500 g, $1.50/100g",Spices & Seasonings,/p/20005568_EA
Original Seasoning Blend,$7.99 ,$7.99 ,"132 g, $6.05/100g",Spices & Seasonings,/p/21103994_EA
Pakora Masala,$2.29 ,$2.29 ,"100 g, $2.29/100g",Spices & Seasonings,20854532007_EA
"Black Pepper, Whole",$8.99 ,$8.99 ,"135 g, $6.66/100g",Spices & Seasonings,/p/20136806_EA
"Garlic, Puree",$2.79 ,$2.79 ,"125 g, $2.23/100g",Spices & Seasonings,/p/20110312_EA
Crushed Red Pepper,$3.99 ,$3.99 ,"35 g, $11.40/100g",Spices & Seasonings,/p/21117351_EA
Sea Salt & Black Peppercorns,$4.99 ,$4.99 ,"69 g, $7.23/100g",Spices & Seasonings,/p/20320722_EA
Seasoning Steak,$6.99 ,$6.99 ,"170 g, $4.11/100g",Spices & Seasonings,/p/21382932_EA
Flavour Bomb Seasoning,$7.29 ,$7.29 ,"191 g, $3.82/100g",Spices & Seasonings,/p/21438316_EA
"La Grille, Smouldering Smoked Applewood Seasoning",$6.49 ,$6.49 ,"168 g, $3.86/100g",Spices & Seasonings,/p/20763960_EA
Corn Flake Crumbs,$7.29 ,$7.29 ,"575 g, $1.27/100g",Spices & Seasonings,/p/20128752_EA
"Seasoning Salt, No MSG",$4.79 ,$4.79 ,"454 g, $1.06/100g",Spices & Seasonings,/p/20028096_EA
Onion Powder Organic,$2.79 ,$2.79 ,"44 g, $6.34/100g",Spices & Seasonings,/p/21086538_EA
Organic Groud Cumin,$2.79 ,$2.79 ,"40 g, $6.98/100g",Spices & Seasonings,/p/20957192_EA
Ground Cinnamon,$5.99 ,$5.99 ,"42 g, $14.26/100g",Spices & Seasonings,/p/21381986_EA
La Grille Flavoured Seasoning Smoky Ranchero,$6.49 ,$6.49 ,"135 g, $4.81/100g",Spices & Seasonings,/p/21523392_EA
Ground Cinnamon,$4.99 ,$4.99 ,"51 g, $9.78/100g",Spices & Seasonings,/p/21117298_EA
Basil Leaves,$5.99 ,$5.99 ,"37 g, $16.19/100g",Spices & Seasonings,/p/20052028_EA
La Grille All Purpose Seasoning Garlic & Crushed Herbs With Sea Salt & Pepper,$6.49 ,$6.49 ,"155 g, $4.19/100g",Spices & Seasonings,/p/21448469_EA
Flavour Enhancer,$3.99 ,$3.99 ,"128 g, $3.12/100g",Spices & Seasonings,/p/21490602_EA
Freeze-Dried Chives,$2.49 ,$2.49 ,"5.5 g, $45.27/100g",Spices & Seasonings,/p/20617977_EA
"One Step Seasoning, Greek",$6.79 ,$6.79 ,"120 g, $5.66/100g",Spices & Seasonings,20308006003_EA
Garlic,$6.49 ,$6.49 ,"45 g, $14.42/100g",Spices & Seasonings,/p/21090047_EA
"Garlic, Pepper & Herbs",$5.29 ,$5.29 ,"250 g, $2.12/100g",Spices & Seasonings,/p/20417211_EA
All Purpose Seasoning,$5.49 ,$5.49 ,"900 g, $0.61/100g",Spices & Seasonings,/p/20311973_EA
Mustard Seed,$7.49 ,$7.49 ,"165 g, $4.54/100g",Spices & Seasonings,/p/20083791_EA
Grinder Refill Himalayan Pink Salt Extra Coarse,$6.49 ,$6.49 ,"255 g, $2.55/100g",Spices & Seasonings,/p/21464740_EA
Himalayan Pink Rock Salts,$7.49 ,$7.49 ,"390 g, $1.92/100g",Spices & Seasonings,/p/21006497_EA
"Garlic, Minced",$7.99 ,$7.99 ,"1 kg, $0.80/100g",Spices & Seasonings,/p/20004861_EA
Chinese Five Spice,$4.99 ,$4.99 ,"41 g, $12.17/100g",Spices & Seasonings,/p/21116908_EA
Orange Blossom Water,$2.29 ,$2.29 ,"300 ml, $0.76/100ml",Spices & Seasonings,/p/21217099_EA
Turkish Spice Blend,$5.99 ,$5.99 ,"60 g, $9.98/100g",Spices & Seasonings,/p/21431159_EA
Ground Ginger ,$3.29 ,$3.29 ,"200 g, $1.65/100g",Spices & Seasonings,/p/20617962_EA
Lebanese Zaatar,$7.49 ,$7.49 ,"454 g, $1.65/100g",Spices & Seasonings,/p/21219729_EA
Kashmiri Style Red Chilli Powder,$6.99 ,$6.99 ,"400 g, $1.75/100g",Spices & Seasonings,/p/21160565_EA
Big Country Garlic Seasoning,$8.99 ,$8.99 ,"380 g, $2.37/100g",Spices & Seasonings,/p/20652776_EA
Fennel Seeds,$3.99 ,$3.99 ,"44 g, $9.07/100g",Spices & Seasonings,/p/21117326_EA
Amchoor Powder Mango Powder ,$1.99 ,$1.99 ,"100 g, $1.99/100g",Spices & Seasonings,/p/20618075_EA
Dill Weed ,$5.99 ,$5.99 ,"14 g, $42.79/100g",Spices & Seasonings,/p/21379280_EA
Onion Powder,$7.19 ,$7.19 ,"116 g, $6.20/100g",Spices & Seasonings,/p/20171495_EA
Garlic Powder,$6.49 ,$6.49 ,"165 g, $3.93/100g",Spices & Seasonings,/p/20180764_EA
"Seasoned Coating Mix, Original",$6.49 ,$6.49 ,"340 g, $1.91/100g",Spices & Seasonings,/p/20353502_EA
Himalayan Pink Salt Coarse,$6.29 ,$6.29 ,"500 g, $1.26/100g",Spices & Seasonings,/p/21203731_EA
Organic Garlic Pepper Grinder,$8.99 ,$8.99 ,"79 g, $11.38/100g",Spices & Seasonings,/p/21194508_EA
Marjoram Leaves,$4.99 ,$4.99 ,"11 g, $45.36/100g",Spices & Seasonings,/p/21116910_EA
"Blends, Garlic Plus",$12.79 ,$12.79 ,"580 g, $2.21/100g",Spices & Seasonings,/p/20098875_EA
Chicken & Ribs Seasoning,$8.99 ,$8.99 ,"750 g, $1.20/100g",Spices & Seasonings,/p/21364058_EA
"Blends, Roasted Garlic & Pepper",$10.49 ,$10.49 ,"660 g, $1.59/100g",Spices & Seasonings,/p/20132270_EA
Grilling Organic Hamburger Seasoning,$9.99 ,$9.99 ,"104 g, $9.61/100g",Spices & Seasonings,/p/21408883_EA
"One Step Seasoning, Tex Mex",$6.79 ,$6.79 ,"136 g, $4.99/100g",Spices & Seasonings,20301395002_EA
"Seasoning Blend, Original Blend",$8.99 ,$8.99 ,"192 g, $4.68/100g",Spices & Seasonings,20020151001_EA
Rosemary Leaves,$3.99 ,$3.99 ,"23 g, $17.35/100g",Spices & Seasonings,/p/21117352_EA
Shichimi Togarashi 7-Spice Japanese Seasoning Blend,$6.49 ,$6.49 ,"80 g, $8.11/100g",Spices & Seasonings,/p/20381105_EA
Amchur Powder,$2.29 ,$2.29 ,"100 g, $2.29/100g",Spices & Seasonings,20854624001_EA
"Chili Powder, Hot",$7.99 ,$7.99 ,"1 kg, $0.80/100g",Spices & Seasonings,/p/20617967_EA
Ground Coriander ,$2.79 ,$2.79 ,"300 g, $0.93/100g",Spices & Seasonings,/p/20617715_EA
Arabic Seasoning Mix Mandhi,$2.29 ,$2.29 ,"50 g, $4.58/100g",Spices & Seasonings,/p/21447733_EA
Roasted Sesame Seeds,$3.99 ,$4.49 ,"227 g, $1.76/100g",Spices & Seasonings,/p/20739488_EA
"Fenugreek Seeds, Methi Dana",$2.49 ,$2.49 ,"400 g, $0.62/100g",Spices & Seasonings,/p/20618782_EA
Garlic Flakes,$2.99 ,$2.99 ,"200 g, $1.50/100g",Spices & Seasonings,/p/20618365_EA
"Cinnamon, Ground",$5.49 ,$5.49 ,"32 g, $17.16/100g",Spices & Seasonings,/p/20048976_EA
La Grille All Purpose Seasoning Smoked Paprika & Onion With Garlic & Pepper,$6.49 ,$6.49 ,"171 g, $3.80/100g",Spices & Seasonings,/p/21448307_EA
Garam Massala Hot,$1.99 ,$1.99 ,"85 g, $2.34/100g",Spices & Seasonings,20318256004_EA
Spearmint Leaves,$3.99 ,$3.99 ,"16 g, $24.94/100g",Spices & Seasonings,/p/21117311_EA
Cajun Seasoning,$3.99 ,$3.99 ,"125 g, $3.19/100g",Spices & Seasonings,20103212001_EA
Meat Seasoning,$5.49 ,$5.49 ,"900 g, $0.65/100g",Spices & Seasonings,/p/20319097_EA
"Pepper, Black Coarse",$6.99 ,$6.99 ,"100 g, $6.99/100g",Spices & Seasonings,/p/20182350_EA
Organic Thyme Leaves,$2.79 ,$2.79 ,"20 g, $13.95/100g",Spices & Seasonings,/p/20957236_EA
Steak Seasoning,$8.99 ,$8.99 ,"725 g, $1.24/100g",Spices & Seasonings,/p/21364056_EA
"Allspice, Ground",$5.49 ,$5.49 ,"35 g, $15.69/100g",Spices & Seasonings,20144887001_EA
"Signature Blends, Parmesan & Herbs",$6.79 ,$6.79 ,"135 g, $5.03/100g",Spices & Seasonings,20301395003_EA
Panko Bread Crumbs,$4.49 ,$4.49 ,"340 g, $1.32/100g",Spices & Seasonings,/p/20380355_EA
Summer Savory Leaves,$4.99 ,$4.99 ,"17 g, $29.35/100g",Spices & Seasonings,/p/21117355_EA
"Sea Salt, Fine Crystal",$6.99 ,$6.99 ,"750 g, $0.93/100g",Spices & Seasonings,20323596001_EA
Granulated Onion Powder,$4.99 ,$4.99 ,"200 g, $2.50/100g",Spices & Seasonings,/p/20057211_EA
Arhar Dal Masala,$2.29 ,$2.29 ,"100 g, $2.29/100g",Spices & Seasonings,20854532001_EA
Basil,$3.99 ,$3.99 ,"16 g, $24.94/100g",Spices & Seasonings,/p/21111108_EA
Memories Of Sicilia Coarse Sea Salts,$3.99 ,$3.99 ,"750 g, $0.53/100g",Spices & Seasonings,20169031002_EA
English Style Fish & Chips Batter Mix,$3.29 ,$3.29 ,"284 g, $1.16/100g",Spices & Seasonings,20252022002_EA
Seasoning Salt,$6.99 ,$6.99 ,"1 kg, $0.70/100g",Spices & Seasonings,/p/20183004_EA
White Pepper Ground ,$5.99 ,$5.99 ,"32 g, $18.72/100g",Spices & Seasonings,/p/21379339_EA
"La Grille, Chipotle Mango Seasoning",$6.49 ,$6.49 ,"160 g, $4.06/100g",Spices & Seasonings,/p/20546528_EA
All Purpose Seasoning Everything Bagel,$6.99 ,$6.99 ,"141 g, $4.96/100g",Spices & Seasonings,/p/21300210_EA
Hot and Spicy Duck Goat Curry,$1.99 ,$1.99 ,"85 g, $2.34/100g",Spices & Seasonings,20318256007_EA
Bombay Biryani Masala,$2.29 ,$2.29 ,"100 g, $2.29/100g",Spices & Seasonings,20854614001_EA
Iodized Himalayan Pink Salt ,$7.99 ,$7.99 ,"2 kg, $0.40/100g",Spices & Seasonings,/p/21357761_EA
Steak Rub Seasoning,$4.79 ,$4.79 ,"100 g, $4.79/100g",Spices & Seasonings,20301893002_EA
Mild Curry Powder,$4.99 ,$4.99 ,"42 g, $11.88/100g",Spices & Seasonings,/p/21117313_EA
Anise Seeds,$4.99 ,$4.99 ,"50 g, $9.98/100g",Spices & Seasonings,/p/21117379_EA
Organic Cayenne Pepper,$2.79 ,$2.79 ,"33 g, $8.45/100g",Spices & Seasonings,/p/20957477_EA
Saffron Threads,$11.49 ,$11.49 ,"0.5 g, $2,298.00/100g",Spices & Seasonings,/p/20380916_EA
Ground Red Cayenne Pepper,$3.99 ,$3.99 ,"41 g, $9.73/100g",Spices & Seasonings,/p/21117293_EA
Black Peppercorns,$15.99 ,$15.99 ,"575 g, $2.78/100g",Spices & Seasonings,/p/20078866_EA
Smokey Mesquite Seasoning ,$7.29 ,$7.29 ,"171 g, $4.26/100g",Spices & Seasonings,/p/21422191_EA
Crispy Pork Coating Mix,$6.99 ,$6.99 ,"160 g, $4.37/100g",Spices & Seasonings,20318460007_EA
La Grille Montreal Chicken Wet Rub,$6.29 ,$6.29 ,"200 ml, $3.15/100ml",Spices & Seasonings,/p/20955561_EA
Pickling Spice (Pouch),$4.29 ,$4.29 ,"110 g, $3.90/100g",Spices & Seasonings,/p/20346462_EA
Paprika,$4.99 ,$4.99 ,"35 g, $14.26/100g",Spices & Seasonings,/p/21379311_EA
Ground Savory,$4.99 ,$4.99 ,"35 g, $14.26/100g",Spices & Seasonings,/p/21117354_EA
Whole Cloves,$4.99 ,$4.99 ,"31 g, $16.10/100g",Spices & Seasonings,/p/21117300_EA
Sizzlin' Butter Seasoning,$7.29 ,$7.29 ,"184 g, $3.96/100g",Spices & Seasonings,/p/21438315_EA
Aleppo Pepper,$5.99 ,$5.99 ,"50 g, $11.98/100g",Spices & Seasonings,/p/21431146_EA
Roasted Garlic Puree,$2.79 ,$2.79 ,"125 g, $2.23/100g",Spices & Seasonings,/p/20097765_EA
Rice & Peas Seasoning,$4.99 ,$4.99 ,"350 g, $1.43/100g",Spices & Seasonings,/p/20006823_EA
Turmeric Pure,$2.89 ,$2.89 ,"120 g, $2.41/100g",Spices & Seasonings,/p/21071508_EA
Lemon Pepper Seasoning,$5.99 ,$5.99 ,"75 g, $7.99/100g",Spices & Seasonings,/p/21117375_EA
Celery Salt,$7.99 ,$7.99 ,"190 g, $4.21/100g",Spices & Seasonings,/p/20177555_EA
Black Peppercorn Grinder,$4.49 ,$4.49 ,"35 g, $12.83/100g",Spices & Seasonings,20627204001_EA
Dill Weed,$4.99 ,$4.99 ,"21 g, $23.76/100g",Spices & Seasonings,/p/21117325_EA
Sage,$3.99 ,$3.99 ,"12 g, $33.25/100g",Spices & Seasonings,/p/21117353_EA
Cinnamon Ground Organic,$2.79 ,$2.79 ,"40 g, $6.98/100g",Spices & Seasonings,/p/20957345_EA
Ground Cinnamon,$8.49 ,$8.49 ,"125 g, $6.79/100g",Spices & Seasonings,/p/20033636_EA
Smoked Paprika,$10.49 ,$10.49 ,"116 g, $9.04/100g",Spices & Seasonings,/p/21038714_EA
Chili Powder,$8.99 ,$8.99 ,"600 g, $1.50/100g",Spices & Seasonings,/p/20146656_EA
Chili Powder ,$5.99 ,$5.99 ,"40 g, $14.98/100g",Spices & Seasonings,/p/21379304_EA
"La Grille, Vegetable Seasoning",$6.49 ,$6.49 ,"148 g, $4.39/100g",Spices & Seasonings,/p/20010708_EA
Organic Garlic Powder Bag,$2.79 ,$2.79 ,"57 g, $4.89/100g",Spices & Seasonings,/p/20955533_EA
Whole Wheat Panko Bread Crumbs,$4.29 ,$4.29 ,"227 g, $1.89/100g",Spices & Seasonings,/p/20742025_EA
"La Grille, Seasoned Salt",$6.49 ,$6.49 ,"248 g, $2.62/100g",Spices & Seasonings,/p/20026785_EA
Dehydrated Chopped Onions,$2.29 ,$2.29 ,"80 g, $2.86/100g",Spices & Seasonings,/p/20080269_EA
Ground Black Pepper,$5.49 ,$5.49 ,"39 g, $14.08/100g",Spices & Seasonings,/p/20142171_EA
"Signature Blends, Roasted Garlic & Pepper",$6.79 ,$6.79 ,"144 g, $4.72/100g",Spices & Seasonings,20309777001_EA
Smoked Paprika,$3.99 ,$3.99 ,"41 g, $9.73/100g",Spices & Seasonings,/p/21117319_EA
Ground Sage ,$4.99 ,$4.99 ,"14 g, $35.64/100g",Spices & Seasonings,/p/21379317_EA
Organic Crushed Red Pepper,$2.79 ,$2.79 ,"23 g, $12.13/100g",Spices & Seasonings,/p/20955597_EA
Saffron Powder,$1.99 ,$1.99 ,"85 g, $2.34/100g",Spices & Seasonings,20318256006_EA
Rosemary Leaves ,$4.99 ,$4.99 ,"14 g, $35.64/100g",Spices & Seasonings,/p/21379336_EA
Sea Salt   ,$4.99 ,$4.99 ,"77 g, $6.48/100g",Spices & Seasonings,/p/20319994_EA
Ground Coriander Dhaniya,$5.99 ,$5.99 ,"800 g, $0.75/100g",Spices & Seasonings,/p/21160339_EA
Mulling Spices,$6.99 ,$6.99 ,"100 g, $6.99/100g",Spices & Seasonings,/p/21400349_EA
Tempura Batter Mix ,$1.29 ,$1.29 ,"150 g, $0.86/100g",Spices & Seasonings,/p/21122476_EA
Ground Cardamom ,$4.79 ,$4.79 ,"75 g, $6.39/100g",Spices & Seasonings,/p/20618064_EA
Seven Spice     ,$2.29 ,$2.29 ,"50 g, $4.58/100g",Spices & Seasonings,/p/21219619_EA
Kashmiri Mirch Masala,$2.29 ,$2.29 ,"100 g, $2.29/100g",Spices & Seasonings,20854532006_EA
"Carom Seeds, Ajwain",$1.99 ,$1.99 ,"100 g, $1.99/100g",Spices & Seasonings,/p/20618066_EA
Crispy Fried Onions,$4.49 ,$4.49 ,"400 g, $1.12/100g",Spices & Seasonings,/p/20101586_EA
Spice Mix Bbq,$13.19 ,$13.19 ,"710 g, $1.86/100g",Spices & Seasonings,/p/21435948_EA
"Red Chili Peppers, Lal Mirch",$1.99 ,$1.99 ,"100 g, $1.99/100g",Spices & Seasonings,/p/20755942_EA
Crushed Chili Peppers ,$5.99 ,$5.99 ,"500 g, $1.20/100g",Spices & Seasonings,/p/20618776_EA
"Cinnamon Sticks, Dalchini",$2.79 ,$2.79 ,"100 g, $2.79/100g",Spices & Seasonings,/p/20617830_EA
Kalonji Seed ,$2.49 ,$2.49 ,"200 g, $1.25/100g",Spices & Seasonings,/p/20714049_EA
"Chilli Powder, Hot",$3.99 ,$3.99 ,"400 g, $1.00/100g",Spices & Seasonings,/p/20617703_EA
"Chilli Powder, Hot",$3.99 ,$3.99 ,"400 g, $1.00/100g",Spices & Seasonings,/p/20617703_EA
Sambar Masala Spice Mix,$2.29 ,$2.29 ,"100 g, $2.29/100g",Spices & Seasonings,20854690005_EA
Bay Leaves,$1.49 ,$1.49 ,"25 g, $5.96/100g",Spices & Seasonings,/p/20751053_EA
Thyme Leaves,$6.49 ,$6.49 ,"24 g, $27.04/100g",Spices & Seasonings,/p/21117359_EA
Seasoning Blend ,$5.49 ,$5.49 ,"212 g, $2.59/100g",Spices & Seasonings,/p/21381881_EA
Himalayan Pink Rock Salts Grinder,$3.99 ,$3.99 ,"70 g, $5.70/100g",Spices & Seasonings,/p/21414474_EA
Pumpkin Pie Spice,$5.49 ,$5.49 ,"50 g, $10.98/100g",Spices & Seasonings,/p/21117294_EA
Organic Ground Ginger,$2.79 ,$2.79 ,"26 g, $10.73/100g",Spices & Seasonings,/p/20995949_EA
Food Seasoning,$6.99 ,$6.99 ,"500 g, $1.40/100g",Spices & Seasonings,/p/20052838_EA
Sea Salt Grinder,$4.49 ,$4.49 ,"60 g, $7.48/100g",Spices & Seasonings,20627204003_EA
Black Peppercorn,$11.99 ,$11.99 ,"400 g, $3.00/100g",Spices & Seasonings,/p/21160286_EA
Tellicherry Black Peppercorns ,$6.49 ,$6.49 ,"120 g, $5.41/100g",Spices & Seasonings,/p/21068374_EA
Pork Coating Mix,$2.79 ,$2.79 ,"162 g, $1.72/100g",Spices & Seasonings,/p/21122652_EA
4-Peppercorn Steak Spice Seasoning,$5.49 ,$5.49 ,"141 g, $3.89/100g",Spices & Seasonings,/p/20059176_EA
Goat Curry Powder,$5.99 ,$5.99 ,"500 g, $1.20/100g",Spices & Seasonings,/p/20253678_EA
Seasoning Chicken Rub    ,$6.79 ,$6.79 ,"143 g, $4.75/100g",Spices & Seasonings,/p/21180280_EA
Double Mustard Superfine Powder,$6.49 ,$6.49 ,"113 g, $5.74/100g",Spices & Seasonings,/p/20604504_EA
Sun-Dried Tomato & Herb Seasoning Blend,$5.49 ,$5.49 ,"85 g, $6.46/100g",Spices & Seasonings,/p/20000963_EA
Freeze Dried Parsley,$5.99 ,$5.99 ,"8 g, $74.88/100g",Spices & Seasonings,/p/21526421_EA
"Signature Blends, Salt Free Garlic",$6.79 ,$6.79 ,"142 g, $4.78/100g",Spices & Seasonings,/p/20765285_EA
Lemon Pepper Seasoning Blend,$4.99 ,$4.99 ,"70 g, $7.13/100g",Spices & Seasonings,/p/21421971_EA
Whole Nutmeg,$6.99 ,$6.99 ,"40 g, $17.48/100g",Spices & Seasonings,/p/21117378_EA
Coating Mix Original Crispy,$6.99 ,$6.99 ,"142 g, $4.92/100g",Spices & Seasonings,/p/21548016_EA
Ground Thyme,$2.99 ,$2.99 ,"80 g, $3.74/100g",Spices & Seasonings,/p/20618039_EA
Seasoning Salt,$3.99 ,$3.99 ,"225 g, $1.77/100g",Spices & Seasonings,20103212002_EA
Ground Cumin,$5.99 ,$5.99 ,"32 g, $18.72/100g",Spices & Seasonings,/p/21379323_EA
Ground Cumin,$9.99 ,$9.99 ,"90 g, $11.10/100g",Spices & Seasonings,/p/20057991_EA
Chili Powder Organic,$2.79 ,$2.79 ,"31 g, $9.00/100g",Spices & Seasonings,/p/21094453_EA
Pumpkin Pie Spice,$5.49 ,$5.49 ,"35 g, $15.69/100g",Spices & Seasonings,/p/20096724_EA
La Grille Smokehouse Maple Wet Rub,$6.29 ,$6.29 ,"200 ml, $3.15/100ml",Spices & Seasonings,/p/20955559_EA
La Grille All Purpose Seasoning Cracked Pepper & Garlic With Sea Salt,$6.49 ,$6.49 ,"171 g, $3.80/100g",Spices & Seasonings,/p/21448468_EA
Ground Allspice,$4.99 ,$4.99 ,"42 g, $11.88/100g",Spices & Seasonings,/p/21111105_EA
"La Grille, Spicy Pepper Medley",$6.49 ,$6.49 ,"150 g, $4.33/100g",Spices & Seasonings,20319230001_EA
Ground Massala ,$1.99 ,$1.99 ,"85 g, $2.34/100g",Spices & Seasonings,20318256003_EA
Organic Ground Turmeric Bag,$2.79 ,$2.79 ,"39 g, $7.15/100g",Spices & Seasonings,/p/20956984_EA
Season-Up! Powdered Seasoning All Purpose,$4.99 ,$4.99 ,"200 g, $2.50/100g",Spices & Seasonings,/p/21450733_EA
Medium Curry Powder,$4.99 ,$4.99 ,"42 g, $11.88/100g",Spices & Seasonings,/p/21117312_EA
Parsley Flakes,$6.49 ,$6.49 ,"20 g, $32.45/100g",Spices & Seasonings,/p/21315553_EA
Seasoning Beef Rub    ,$6.79 ,$6.79 ,"151 g, $4.50/100g",Spices & Seasonings,/p/21180268_EA
Garlic Powder ,$5.99 ,$5.99 ,"54 g, $11.09/100g",Spices & Seasonings,/p/21379274_EA
Bay Leaves,$4.79 ,$4.79 ,"13 g, $36.85/100g",Spices & Seasonings,/p/20003932_EA
Caribbean Spice & Roasted Garlic,$5.49 ,$5.49 ,"800 g, $0.69/100g",Spices & Seasonings,/p/20322064_EA
Cowboy Seasoning & Rub,$7.29 ,$7.29 ,"159 g, $4.58/100g",Spices & Seasonings,/p/21438313_EA
Smoky Southwest Seasoning,$8.99 ,$8.99 ,"380 g, $2.37/100g",Spices & Seasonings,/p/20652832_EA
Seasoning Salt,$2.79 ,$2.79 ,"454 g, $0.61/100g",Spices & Seasonings,/p/20116172_EA
Chili Powder Seasoning,$4.99 ,$4.99 ,"140 g, $3.51/100g",Spices & Seasonings,/p/20019917_EA
Garlic And Herb + Black Pepper And Sea Salt All Purpose Seasoning,$6.99 ,$6.99 ,"131 g, $5.34/100g",Spices & Seasonings,/p/21300191_EA
Arabic Seasoning Mix Shawerma,$2.29 ,$2.29 ,"40 g, $5.73/100g",Spices & Seasonings,/p/21447732_EA
Arabic Seasoning Mix Shawerma,$2.29 ,$2.29 ,"40 g, $5.73/100g",Spices & Seasonings,/p/21447732_EA
"Tikka Seekh Kebab, BBQ",$1.79 ,$2.29 ,"50 g, $3.58/100g",Spices & Seasonings,20323215007_EA
"Rice Seasoning, Nori Komi Furikake",$3.29 ,$3.29 ,"50 g, $6.58/100g",Spices & Seasonings,20598265002_EA
"Cumin Seeds, Jeera",$10.49 ,$10.49 ,"1 kg, $1.05/100g",Spices & Seasonings,/p/20618781_EA
Japanese Bread Crumbs    ,$3.99 ,$3.99 ,"227 g, $1.76/100g",Spices & Seasonings,/p/20850403_EA
"Kasoori, Methi",$3.29 ,$3.29 ,"100 g, $3.29/100g",Spices & Seasonings,/p/20098577_EA
Pickling Spices,$2.79 ,$2.79 ,"200 g, $1.40/100g",Spices & Seasonings,/p/20617738_EA
Bay Leaves,$4.79 ,$4.79 ,"13 g, $36.85/100g",Spices & Seasonings,/p/20003932_EA
Crushed Red Pepper,$3.99 ,$3.99 ,"70 g, $5.70/100g",Spices & Seasonings,/p/20027862_EA
Parsley Leaves,$3.99 ,$3.99 ,"8 g, $49.88/100g",Spices & Seasonings,/p/21117320_EA
Organic Black Pepper Grinder,$8.99 ,$8.99 ,"75 g, $11.99/100g",Spices & Seasonings,/p/21194846_EA
Garlic Powder ,$5.99 ,$5.99 ,"54 g, $11.09/100g",Spices & Seasonings,/p/21379274_EA
Caribbean Spice & Roasted Garlic,$5.49 ,$5.49 ,"800 g, $0.69/100g",Spices & Seasonings,/p/20322064_EA
Cowboy Seasoning & Rub,$7.29 ,$7.29 ,"159 g, $4.58/100g",Spices & Seasonings,/p/21438313_EA
Bread Crumbs Italian Seasoned,$4.19 ,$4.19 ,"425 g, $0.99/100g",Spices & Seasonings,/p/21377213_EA
Smoky Southwest Seasoning,$8.99 ,$8.99 ,"380 g, $2.37/100g",Spices & Seasonings,/p/20652832_EA
Seasoning Salt,$2.79 ,$2.79 ,"454 g, $0.61/100g",Spices & Seasonings,/p/20116172_EA
Ground Sumac,$2.79 ,$2.79 ,"50 g, $5.58/100g",Spices & Seasonings,/p/21219658_EA
Spice Mix Tandoori Masala,$13.19 ,$13.19 ,"710 g, $1.86/100g",Spices & Seasonings,/p/21436306_EA
Butter Chicken Spice Mix,$1.79 ,$2.29 ,"50 g, $3.58/100g",Spices & Seasonings,20323215001_EA
Paprika,$5.29 ,$5.29 ,"400 g, $1.32/100g",Spices & Seasonings,/p/20617712_EA
Tandoori Masala,$1.99 ,$1.99 ,"100 g, $1.99/100g",Spices & Seasonings,/p/20617966_EA
Seto Fumi Furikake Rice Seasoning,$3.29 ,$3.29 ,"50 g, $6.58/100g",Spices & Seasonings,20598265001_EA
Ground Allspice     ,$2.29 ,$2.29 ,"50 g, $4.58/100g",Spices & Seasonings,/p/21219649_EA
"Mustard Seeds, Yellow",$1.49 ,$1.49 ,"100 g, $1.49/100g",Spices & Seasonings,/p/20618035_EA
Sabji Masala,$2.29 ,$2.29 ,"100 g, $2.29/100g",Spices & Seasonings,20854614003_EA
Tellicherry Black Peppercorns ,$6.49 ,$6.49 ,"120 g, $5.41/100g",Spices & Seasonings,/p/21068374_EA
Chicken Parmesan Seasoning Mix,$1.99 ,$1.99 ,"32 g, $6.22/100g",Spices & Seasonings,/p/21301283_EA
Italian Seasoning Organic,$2.79 ,$2.79 ,"11 g, $25.36/100g",Spices & Seasonings,/p/21093257_EA
Duck and Goat Curry,$1.99 ,$1.99 ,"85 g, $2.34/100g",Spices & Seasonings,20326488002_EA
"La Grille, Southern-Style BBQ Seasoning",$6.49 ,$6.49 ,"125 g, $5.19/100g",Spices & Seasonings,/p/20957176_EA
Fish Seasoning,$3.99 ,$3.99 ,"350 g, $1.14/100g",Spices & Seasonings,/p/20322879_EA
Organic Ground Coriander,$2.79 ,$2.79 ,"28 g, $9.96/100g",Spices & Seasonings,/p/20995947_EA
Seasoned Bread Crumbs,$4.29 ,$4.29 ,"425 g, $1.01/100g",Spices & Seasonings,20871099001_EA
Rose Water,$2.29 ,$2.29 ,"300 ml, $0.76/100ml",Spices & Seasonings,/p/21217237_EA
Dill Weed,$7.99 ,$7.99 ,"50 g, $15.98/100g",Spices & Seasonings,/p/20139519_EA
Cilantro Leaves,$4.99 ,$4.99 ,"12 g, $41.58/100g",Spices & Seasonings,/p/21117297_EA
Grilling Organic Garlic & Herb Seasoning,$9.99 ,$9.99 ,"83 g, $12.04/100g",Spices & Seasonings,/p/21408842_EA
Chicken Grilling Seasoning,$9.99 ,$9.99 ,"90 g, $11.10/100g",Spices & Seasonings,/p/21408866_EA
Oregano Leaves,$6.49 ,$6.49 ,"33 g, $19.67/100g",Spices & Seasonings,/p/20154461_EA
Himalayan Pink Salt Fine ,$6.29 ,$6.29 ,"500 g, $1.26/100g",Spices & Seasonings,/p/21208045_EA
"La Grille, Montreal Steak Spice Seasoning",$12.79 ,$12.79 ,"825 g, $1.55/100g",Spices & Seasonings,/p/20130301_EA
Jerk Seasoning,$5.29 ,$5.29 ,"800 g, $0.66/100g",Spices & Seasonings,/p/20691617_EA
Jamaican Jerk Seasoning,$5.99 ,$5.99 ,"62 g, $9.66/100g",Spices & Seasonings,/p/21117374_EA
"Black Pepper, Ground",$6.99 ,$6.99 ,"115 g, $6.08/100g",Spices & Seasonings,/p/20145609_EA
Himalayan Rock Salts ,$4.99 ,$4.99 ,"100 g, $4.99/100g",Spices & Seasonings,/p/20064552_EA
Baingan Bartha Masala,$2.29 ,$2.29 ,"100 g, $2.29/100g",Spices & Seasonings,20854532002_EA
Rosemary Leaves,$7.49 ,$7.49 ,"40 g, $18.73/100g",Spices & Seasonings,/p/21315549_EA
Chicken Parmesan Seasoning Mix,$1.99 ,$1.99 ,"32 g, $6.22/100g",Spices & Seasonings,/p/21301283_EA
Italian Seasoning Organic,$2.79 ,$2.79 ,"11 g, $25.36/100g",Spices & Seasonings,/p/21093257_EA
Duck and Goat Curry,$1.99 ,$1.99 ,"85 g, $2.34/100g",Spices & Seasonings,20326488002_EA
"La Grille, No Salt Added Steak Spice Seasoning",$6.49 ,$6.49 ,"130 g, $4.99/100g",Spices & Seasonings,20320556001_EA
Seasoning Blend Table Blend,$4.99 ,$4.99 ,"70 g, $7.13/100g",Spices & Seasonings,/p/21422013_EA
Organic Basil Leaves,$2.79 ,$2.79 ,"10 g, $27.90/100g",Spices & Seasonings,/p/20995529_EA
Dill Seeds,$3.99 ,$3.99 ,"50 g, $7.98/100g",Spices & Seasonings,/p/21117324_EA
Fiori Di Sicilia  Natural Citrus And Vanilla Flavour,$5.99 ,$5.99 ,"59 ml, $10.15/100ml",Spices & Seasonings,/p/21404557_EA
"Blends, Italiano Seasoning",$8.99 ,$8.99 ,"510 g, $1.76/100g",Spices & Seasonings,/p/20118736_EA
Ground Cloves,$6.99 ,$6.99 ,"43 g, $16.26/100g",Spices & Seasonings,/p/21117299_EA
"Plain Bread Crumbs, Panko",$5.79 ,$5.79 ,"227 g, $2.55/100g",Spices & Seasonings,/p/20840655_EA
Garlic Salt,$4.99 ,$4.99 ,"220 g, $2.27/100g",Spices & Seasonings,20183341001_EA
Peri Peri Spice Blend,$6.49 ,$6.49 ,"85 g, $7.64/100g",Spices & Seasonings,/p/20381147_EA
"La Grille, Pork Seasoning",$6.49 ,$6.49 ,"120 g, $5.41/100g",Spices & Seasonings,20315247002_EA
Coating Mix Crispy Southern Fried,$6.99 ,$6.99 ,"142 g, $4.92/100g",Spices & Seasonings,/p/21547214_EA
Fish Seasoning,$3.99 ,$3.99 ,"350 g, $1.14/100g",Spices & Seasonings,/p/20322879_EA
Harissa Spice Blend,$6.49 ,$6.49 ,"100 g, $6.49/100g",Spices & Seasonings,/p/20381177_EA
Garam Masala Spice Blend,$6.49 ,$6.49 ,"70 g, $9.27/100g",Spices & Seasonings,/p/20380562_EA
"Seasoning, All Purpose",$1.19 ,$1.19 ,"40 g, $2.98/100g",Spices & Seasonings,20881102001_EA
Chives,$6.49 ,$6.49 ,"7 g, $92.71/100g",Spices & Seasonings,/p/21104367_EA
Grilling Organic Sweet & Savory Rub Marinade,$9.99 ,$9.99 ,"104 g, $9.61/100g",Spices & Seasonings,/p/21408941_EA
Seasoning Pepper,$5.49 ,$5.49 ,"130 g, $4.22/100g",Spices & Seasonings,/p/20007362_EA
Grinder Refill Sea Salt Extra Coarse,$4.79 ,$4.79 ,"255 g, $1.88/100g",Spices & Seasonings,/p/21464744_EA
Dill Weed,$7.99 ,$7.99 ,"50 g, $15.98/100g",Spices & Seasonings,/p/20139519_EA
Rainbow Peppercorn Blend,$4.99 ,$4.99 ,"45 g, $11.09/100g",Spices & Seasonings,20319194001_EA
Rose Water,$2.29 ,$2.29 ,"300 ml, $0.76/100ml",Spices & Seasonings,/p/21217237_EA
Red Chili Dried,$3.29 ,$3.29 ,"120 g, $2.74/100g",Spices & Seasonings,/p/21450309_EA
Oregano      ,$3.99 ,$3.99 ,"50 g, $7.98/100g",Spices & Seasonings,/p/21219726_EA
"Black Peppercorns, Kali Mirch",$3.49 ,$3.49 ,"100 g, $3.49/100g",Spices & Seasonings,/p/20618777_EA
Recipe & Seasoning Mix Chapli Kabab,$1.79 ,$2.29 ,"100 g, $1.79/100g",Spices & Seasonings,20160022004_EA
Chana Masala,$2.29 ,$2.29 ,"100 g, $2.29/100g",Spices & Seasonings,/p/20687752_EA
Arabic Seasoning Mix Kabsa Rice,$2.29 ,$2.29 ,"60 g, $3.82/100g",Spices & Seasonings,/p/21447731_EA
Cloves,$3.29 ,$3.29 ,"75 g, $4.39/100g",Spices & Seasonings,/p/20713454_EA
Black Cardamom Seeds,$3.29 ,$3.29 ,"50 g, $6.58/100g",Spices & Seasonings,/p/20617718_EA
"Cumin Seeds, Jeera",$4.99 ,$4.99 ,"400 g, $1.25/100g",Spices & Seasonings,/p/20618061_EA
Kala Namak Black Salt Powder,$3.29 ,$3.29 ,"400 g, $0.82/100g",Spices & Seasonings,/p/21160342_EA
"Ground Black Pepper, Kali Mirch",$11.99 ,$11.99 ,"400 g, $3.00/100g",Spices & Seasonings,/p/20618050_EA
Shahi Paneer Masala,$2.29 ,$2.29 ,"100 g, $2.29/100g",Spices & Seasonings,20854624002_EA
Chicken Curry Mix,$1.79 ,$2.29 ,"50 g, $3.58/100g",Spices & Seasonings,20323215005_EA
Turmeric Ground,$6.49 ,$6.49 ,"1 kg, $0.65/100g",Spices & Seasonings,/p/20145962_EA
Fennel Seed ,$3.49 ,$3.49 ,"250 g, $1.40/100g",Spices & Seasonings,/p/20618261_EA
"Rice Flakes, Poha",$2.29 ,$2.29 ,"300 g, $0.76/100g",Spices & Seasonings,/p/20080594_EA
Korma Curry Spice Mix,$1.79 ,$2.29 ,"50 g, $3.58/100g",Spices & Seasonings,20323215003_EA
"Spice Mix, Butter Chicken Masala",$3.29 ,$3.29 ,"100 g, $3.29/100g",Spices & Seasonings,/p/20707277_EA
Organic Oregano Leaves,$2.79 ,$2.79 ,"11 g, $25.36/100g",Spices & Seasonings,/p/20955571_EA
"La Grille, Montreal Chicken Seasoning",$11.79 ,$11.79 ,"675 g, $1.75/100g",Spices & Seasonings,/p/20189690_EA
Bag N' Cook Dry Rub Seasoning With Oven Bag Mild Jamaican Jerk,$2.99 ,$2.99 ,"35 g, $8.54/100g",Spices & Seasonings,/p/21450731_EA
Basil,$6.49 ,$6.49 ,"8 g, $81.13/100g",Spices & Seasonings,/p/21088964_EA
Plant Based Pea Crumbs,$3.29 ,$3.29 ,"250 g, $1.32/100g",Spices & Seasonings,/p/21375718_EA
"La Grille, Spicy Montreal Steak Spice Seasoning",$6.49 ,$6.49 ,"157 g, $4.13/100g",Spices & Seasonings,/p/20957513_EA
Marinated Ribs Dry Rub,$6.99 ,$6.99 ,"180 g, $3.88/100g",Spices & Seasonings,/p/21359215_EA
Oregano Leaves,$4.99 ,$4.99 ,"14 g, $35.64/100g",Spices & Seasonings,/p/21117372_EA
Ground Cardamom,$7.99 ,$7.99 ,"45 g, $17.76/100g",Spices & Seasonings,/p/21117292_EA
Fish Curry Masala,$2.29 ,$2.29 ,"100 g, $2.29/100g",Spices & Seasonings,20854690002_EA
"Seasoning, Cajun",$14.49 ,$14.49 ,"675 g, $2.15/100g",Spices & Seasonings,/p/20071925_EA
Seasoning Bar-B-Q Rub    ,$6.79 ,$6.79 ,"131 g, $5.18/100g",Spices & Seasonings,/p/21180236_EA
Ground Nutmeg,$5.99 ,$5.99 ,"39 g, $15.36/100g",Spices & Seasonings,/p/21034587_EA
Paprika,$3.99 ,$3.99 ,"48 g, $8.31/100g",Spices & Seasonings,/p/21117318_EA
Ground Turmeric,$3.99 ,$3.99 ,"43 g, $9.28/100g",Spices & Seasonings,/p/21117360_EA
Spice Ceylon Cinnamon,$2.49 ,$2.49 ,"40 g, $6.23/100g",Spices & Seasonings,/p/21399952_EA
"One Step Seasoning, Salad Herbs",$6.79 ,$6.79 ,"111 g, $6.12/100g",Spices & Seasonings,/p/20301564_EA
"La Grille, Brazillian Style BBQ Seasoning",$6.49 ,$6.49 ,"120 g, $5.41/100g",Spices & Seasonings,20315247001_EA
Tandoori Spice Indian Seasoning Blend,$6.49 ,$6.49 ,"90 g, $7.21/100g",Spices & Seasonings,/p/20381186_EA
Iodized Salt & Pepper,$4.99 ,$4.99 ,"155 g, $3.22/100g",Spices & Seasonings,/p/20038299_EA
Italian Style Seasoning,$4.99 ,$4.99 ,"20 g, $24.95/100g",Spices & Seasonings,/p/21117373_EA
Sea Salt Grinder,$8.99 ,$8.99 ,"150 g, $5.99/100g",Spices & Seasonings,/p/21194849_EA
Ground Chipotle Chili Pepper,$3.99 ,$3.99 ,"54 g, $7.39/100g",Spices & Seasonings,/p/21117296_EA
Dry Mustard,$4.79 ,$4.79 ,"88 g, $5.44/100g",Spices & Seasonings,/p/21034633_EA
"La Grille, Montreal Chicken Seasoning",$6.49 ,$6.49 ,"170 g, $3.82/100g",Spices & Seasonings,20321740002_EA
One Step Seasonings Rotisserie Chicken,$6.49 ,$6.49 ,"161 g, $4.03/100g",Spices & Seasonings,/p/21448471_EA
Ground Ginger,$3.99 ,$3.99 ,"37 g, $10.78/100g",Spices & Seasonings,/p/21116907_EA
Seasoning Salt,$2.49 ,$2.49 ,"225 g, $1.11/100g",Spices & Seasonings,/p/20023312_EA
Poultry Seasoning,$2.49 ,$2.49 ,"70 g, $3.56/100g",Spices & Seasonings,/p/20617499_EA
Bread Crumbs Plain,$4.19 ,$4.19 ,"425 g, $0.99/100g",Spices & Seasonings,/p/21377217_EA
"La Grille, Maple Bacon Seasoning",$6.49 ,$6.49 ,"152 g, $4.27/100g",Spices & Seasonings,/p/20764296_EA
Ground Nutmeg,$5.99 ,$5.99 ,"51 g, $11.75/100g",Spices & Seasonings,/p/21117314_EA
Garlic Salt,$8.99 ,$8.99 ,"1 kg, $0.86/100g",Spices & Seasonings,/p/20181401_EA
Ground Oregano,$4.99 ,$4.99 ,"32 g, $15.59/100g",Spices & Seasonings,/p/21117316_EA
Basil,$6.49 ,$6.49 ,"8 g, $81.13/100g",Spices & Seasonings,/p/21088964_EA
"La Grille, Montreal Chicken Seasoning",$11.79 ,$11.79 ,"675 g, $1.75/100g",Spices & Seasonings,/p/20189690_EA
Bag N' Cook Dry Rub Seasoning With Oven Bag Mild Jamaican Jerk,$2.99 ,$2.99 ,"35 g, $8.54/100g",Spices & Seasonings,/p/21450731_EA
Oregano Leaves,$4.99 ,$4.99 ,"11 g, $45.36/100g",Spices & Seasonings,/p/21379342_EA
Organic Oregano Leaves,$2.79 ,$2.79 ,"11 g, $25.36/100g",Spices & Seasonings,/p/20955571_EA
"Japanese Style Bread Crumbs, Seasoned",$4.29 ,$4.29 ,"227 g, $1.89/100g",Spices & Seasonings,20871445001_EA
"La Grille, No Salt Added Vegetable Seasoning",$6.49 ,$6.49 ,"122 g, $5.32/100g",Spices & Seasonings,20315247003_EA
Chili Powder,$7.29 ,$7.29 ,"138 g, $5.28/100g",Spices & Seasonings,/p/20156265_EA
Roasted Garlic & Herb Seasoning,$7.29 ,$7.29 ,"156 g, $4.67/100g",Spices & Seasonings,/p/21422123_EA
Garlic Powder,$4.99 ,$4.99 ,"67 g, $7.45/100g",Spices & Seasonings,/p/21116905_EA
Salads'n Dips Seasoning Mix Guacamole,$1.79 ,$1.79 ,"20 g, $8.95/100g",Spices & Seasonings,/p/21523405_EA
Tarragon Leaves,$5.99 ,$5.99 ,"13 g, $46.08/100g",Spices & Seasonings,/p/21117356_EA
Lemon & Herb Seasoning,$5.49 ,$5.49 ,"100 g, $5.49/100g",Spices & Seasonings,/p/20305953_EA
McCormick Ground Turmeric,$6.99 ,$6.99 ,"102 g, $6.85/100g",Spices & Seasonings,/p/21038672_EA
Salt Free Salt Substitute,$6.79 ,$6.79 ,"311 g, $2.18/100g",Spices & Seasonings,/p/20701904_EA
Celery Salt,$4.49 ,$4.49 ,"81 g, $5.54/100g",Spices & Seasonings,/p/21117371_EA
Ground Cumin Seeds Roasted Geera,$1.99 ,$1.99 ,"85 g, $2.34/100g",Spices & Seasonings,20318256005_EA
Ground Ginger ,$5.99 ,$5.99 ,"30 g, $19.97/100g",Spices & Seasonings,/p/21379277_EA
Ground Nutmeg,$5.99 ,$5.99 ,"39 g, $15.36/100g",Spices & Seasonings,/p/21034587_EA
Seasoned Salt,$6.49 ,$6.49 ,"450 g, $1.44/100g",Spices & Seasonings,/p/20034504_EA
Paprika,$3.99 ,$3.99 ,"48 g, $8.31/100g",Spices & Seasonings,/p/21117318_EA
Spice Ceylon Cinnamon,$2.49 ,$2.49 ,"40 g, $6.23/100g",Spices & Seasonings,/p/21399952_EA
"One Step Seasoning, Salad Herbs",$6.79 ,$6.79 ,"111 g, $6.12/100g",Spices & Seasonings,/p/20301564_EA
Ground Turmeric,$3.99 ,$3.99 ,"43 g, $9.28/100g",Spices & Seasonings,/p/21117360_EA
Fennel Seeds,$8.79 ,$8.79 ,"750 g, $1.17/100g",Spices & Seasonings,/p/20617959_EA
Shish Taouk Spices ,$2.29 ,$2.29 ,"50 g, $4.58/100g",Spices & Seasonings,/p/21219630_EA
Masala Meat Curry,$2.29 ,$2.29 ,"100 g, $2.29/100g",Spices & Seasonings,/p/20707275_EA
Chicken Shawarma Spice,$2.79 ,$2.79 ,"50 g, $5.58/100g",Spices & Seasonings,/p/21219645_EA
Himalayan Pink Salt ,$3.99 ,$3.99 ,"1 kg, $0.40/100g",Spices & Seasonings,/p/21371876_EA
Chicken Tikka BBQ Spice Mix,$1.79 ,$2.29 ,"50 g, $3.58/100g",Spices & Seasonings,20160022002_EA
Arabic Seasoning Mix Kabuli Rice,$2.29 ,$2.29 ,"50 g, $4.58/100g",Spices & Seasonings,/p/21447730_EA
Natural Sea Salts,$2.49 ,$2.49 ,"500 g, $0.50/100g",Spices & Seasonings,/p/21391931_EA
Zaatar Aleppo Blend    ,$7.49 ,$7.49 ,"454 g, $1.65/100g",Spices & Seasonings,/p/21219731_EA
Brown Mustard Seed ,$1.79 ,$1.79 ,"100 g, $1.79/100g",Spices & Seasonings,/p/20617742_EA
Anchar Gosht Masala Mix,$1.79 ,$2.29 ,"50 g, $3.58/100g",Spices & Seasonings,20160022003_EA
Roasted Black Sesame Seeds,$3.99 ,$4.49 ,"227 g, $1.76/100g",Spices & Seasonings,/p/20739491_EA
Falafel Spice     ,$2.29 ,$2.29 ,"50 g, $4.58/100g",Spices & Seasonings,/p/21219622_EA
Madras Curry Powder (Mild),$3.79 ,$3.79 ,"400 g, $0.95/100g",Spices & Seasonings,/p/20617944_EA
Punjabi Garam Masala,$3.99 ,$3.99 ,"400 g, $1.00/100g",Spices & Seasonings,/p/21160572_EA
Black Mustard Seed ,$1.99 ,$1.99 ,"200 g, $1.00/100g",Spices & Seasonings,/p/20714822_EA
Star Anise,$4.99 ,$4.99 ,"80 g, $6.24/100g",Spices & Seasonings,/p/21450305_EA
Sushi Nori Roasted Seaweed Sheets,$3.99 ,$3.99 ,"27 g, $14.78/100g","Dried Beans, Vegetables & Grains",/p/20703060_EA
Pearl Barley,$2.29 ,$2.29 ,"450 g, $0.51/100g","Dried Beans, Vegetables & Grains",/p/20630492_EA
Red Split Lentils ,$3.79 ,$3.79 ,"900 g, $0.42/100g","Dried Beans, Vegetables & Grains",/p/20629496_EA
Green Lentils,$3.79 ,$3.79 ,"900 g, $0.42/100g","Dried Beans, Vegetables & Grains",/p/20629679_EA
Maple & Brown Sugar Flavour Instant Oatmeal,$3.49 ,$3.97 ,"344 g, $1.01/100g","Dried Beans, Vegetables & Grains",/p/21190254_EA
Black Turtle Beans,$3.79 ,$3.79 ,"900 g, $0.42/100g","Dried Beans, Vegetables & Grains",/p/20629153_EA
Pot Barley,$2.29 ,$2.29 ,"450 g, $0.51/100g","Dried Beans, Vegetables & Grains",/p/20629209_EA
Chickpeas,$3.79 ,$3.79 ,"900 g, $0.42/100g","Dried Beans, Vegetables & Grains",/p/21173924_EA
Chickpeas,$6.00 ,$6.00 ,"1.8 kg, $0.33/100g","Dried Beans, Vegetables & Grains",/p/20558757_EA
Instant Oatmeal 3 Flavour Variety Pack,$3.49 ,$3.97 ,"314 g, $1.11/100g","Dried Beans, Vegetables & Grains",/p/21190260_EA
Pinto Beans,$3.79 ,$3.79 ,"900 g, $0.42/100g","Dried Beans, Vegetables & Grains",/p/20629493_EA
Green Split Peas,$3.79 ,$3.79 ,"900 g, $0.42/100g","Dried Beans, Vegetables & Grains",/p/20629219_EA
Red Kidney Beans ,$3.79 ,$3.79 ,"900 g, $0.42/100g","Dried Beans, Vegetables & Grains",/p/20629494_EA
Yellow Split Peas,$3.79 ,$3.79 ,"900 g, $0.42/100g","Dried Beans, Vegetables & Grains",/p/20629676_EA
Apples & Cinnamon Instant Oatmeal,$3.49 ,$3.97 ,"264 g, $1.32/100g","Dried Beans, Vegetables & Grains",/p/21190251_EA
Soup Mix,$3.79 ,$3.79 ,"900 g, $0.42/100g","Dried Beans, Vegetables & Grains",/p/20629671_EA
Navy Beans,$3.79 ,$3.79 ,"900 g, $0.42/100g","Dried Beans, Vegetables & Grains",/p/20629492_EA
Great Northern Beans ,$3.79 ,$3.79 ,"900 g, $0.42/100g","Dried Beans, Vegetables & Grains",/p/20629871_EA
Red Chili Beans,$3.79 ,$3.79 ,"900 g, $0.42/100g","Dried Beans, Vegetables & Grains",/p/20629872_EA
Red Split Lentils,$3.49 ,$3.49 ,"907 g, $0.38/100g","Dried Beans, Vegetables & Grains",/p/20902123_EA
Red Split Lentils,$6.00 ,$6.00 ,"1.8 kg, $0.33/100g","Dried Beans, Vegetables & Grains",/p/20558862_EA
Light Red Kidney Beans,$6.00 ,$6.00 ,"1.8 kg, $0.33/100g","Dried Beans, Vegetables & Grains",/p/20558870_EA
Channa Dal,$6.00 ,$6.00 ,"1.8 kg, $0.33/100g","Dried Beans, Vegetables & Grains",/p/20558756_EA
Whole Mung Beans,$6.00 ,$6.00 ,"1.8 kg, $0.33/100g","Dried Beans, Vegetables & Grains",/p/20558867_EA
Whole Mung Beans,$3.49 ,$3.49 ,"907 g, $0.38/100g","Dried Beans, Vegetables & Grains",/p/20902476_EA
Chickpeas,$3.49 ,$3.49 ,"907 g, $0.38/100g","Dried Beans, Vegetables & Grains",/p/20901950_EA
Husked Split Mung Beans,$6.00 ,$6.00 ,"1.8 kg, $0.33/100g","Dried Beans, Vegetables & Grains",/p/20558869_EA
Black Turtle Beans ,$6.00 ,$6.00 ,"1.8 kg, $0.33/100g","Dried Beans, Vegetables & Grains",/p/20558755_EA
Five-Bean Medley ,$3.79 ,$3.79 ,"900 g, $0.42/100g","Dried Beans, Vegetables & Grains",/p/21173922_EA
Black-Eyed Beans,$3.79 ,$3.79 ,"900 g, $0.42/100g","Dried Beans, Vegetables & Grains",/p/20629218_EA
Romano Beans,$3.79 ,$3.79 ,"900 g, $0.42/100g","Dried Beans, Vegetables & Grains",/p/20629631_EA
Toor Dal Dry,$6.00 ,$6.00 ,"1.81 kg, $0.33/100g","Dried Beans, Vegetables & Grains",/p/20904376_EA
Red Split Lentils,$6.99 ,$6.99 ,"2 kg, $0.35/100g","Dried Beans, Vegetables & Grains",/p/21307026_EA
Kala Channa,$6.00 ,$6.00 ,"1.8 kg, $0.33/100g","Dried Beans, Vegetables & Grains",/p/20558760_EA
Moong Dal Washed,$3.49 ,$3.49 ,"907 g, $0.38/100g","Dried Beans, Vegetables & Grains",/p/20902358_EA
Red Lentils,$3.29 ,$3.99 ,"907 g, $0.36/100g","Dried Beans, Vegetables & Grains",/p/20306651_EA
Black-Eyed Beans,$6.00 ,$6.00 ,"1.8 kg, $0.33/100g","Dried Beans, Vegetables & Grains",/p/20558758_EA
"Kidney Beans, Dark",$6.00 ,$6.00 ,"1.81 kg, $0.33/100g","Dried Beans, Vegetables & Grains",/p/20901519_EA
Whole Red Lentils,$6.00 ,$6.00 ,"1.81 kg, $0.33/100g","Dried Beans, Vegetables & Grains",/p/20901518_EA
Laird Green Lentils,$6.00 ,$6.00 ,"1.8 kg, $0.33/100g","Dried Beans, Vegetables & Grains",/p/20558861_EA
"Brown Lentils, Whole",$6.00 ,$6.00 ,"1.81 kg, $0.33/100g","Dried Beans, Vegetables & Grains",/p/20901238_EA
Chick Peas,$3.29 ,$3.99 ,"907 g, $0.36/100g","Dried Beans, Vegetables & Grains",/p/20312891_EA
Green Lentils,$6.99 ,$6.99 ,"2 kg, $0.35/100g","Dried Beans, Vegetables & Grains",/p/21307023_EA
Small White Beans,$3.79 ,$3.79 ,"900 g, $0.42/100g","Dried Beans, Vegetables & Grains",/p/20629450_EA
Black Matpe ,$6.00 ,$6.00 ,"1.8 kg, $0.33/100g","Dried Beans, Vegetables & Grains",/p/20558866_EA
TA Foods Ground Flax Seed,$3.49 ,$3.49 ,"500 g, $0.70/100g","Dried Beans, Vegetables & Grains",/p/20064560_EA
"Sushi Nori, Roasted Seaweed  ",$4.99 ,$4.99 ,"54 g, $9.24/100g","Dried Beans, Vegetables & Grains",/p/20915863_EA
Kala Chana,$17.99 ,$17.99 ,"4.99 kg, $0.36/100g","Dried Beans, Vegetables & Grains",/p/20618006_EA
Dried Shiitake Mushrooms,$16.99 ,$16.99 ,"454 g, $3.74/100g","Dried Beans, Vegetables & Grains",/p/20680344_EA
Laird Green Lentils,$3.29 ,$3.99 ,"907 g, $0.36/100g","Dried Beans, Vegetables & Grains",/p/20319656_EA
Yellow Split Peas,$6.00 ,$6.00 ,"1.8 kg, $0.33/100g","Dried Beans, Vegetables & Grains",/p/20558865_EA
Beans Huskless Split Black Mapte,$3.99 ,$3.99 ,"907 g, $0.44/100g","Dried Beans, Vegetables & Grains",/p/20902523_EA
"Chickpeas, Club Pack",$11.49 ,$11.49 ,"3.63 kg, $0.32/100g","Dried Beans, Vegetables & Grains",/p/21035437_EA
Brown Lentils,$3.29 ,$3.99 ,"907 g, $0.36/100g","Dried Beans, Vegetables & Grains",/p/20307015_EA
Moong Dal Split,$6.00 ,$6.00 ,"1.81 kg, $0.33/100g","Dried Beans, Vegetables & Grains",/p/20901567_EA
White Kidney Beans,$3.49 ,$3.99 ,"907 g, $0.38/100g","Dried Beans, Vegetables & Grains",/p/20297534_EA
Chana Dal,$11.49 ,$11.49 ,"3.63 kg, $0.32/100g","Dried Beans, Vegetables & Grains",/p/21035429_EA
Beans Split Black Mapte,$3.99 ,$3.99 ,"907 g, $0.44/100g","Dried Beans, Vegetables & Grains",/p/20902524_EA
Peas Whole Yellow,$6.00 ,$6.00 ,"1.81 kg, $0.33/100g","Dried Beans, Vegetables & Grains",/p/20902046_EA
Eston Green Lentils,$3.29 ,$3.99 ,"907 g, $0.36/100g","Dried Beans, Vegetables & Grains",/p/20299291_EA
"Dark Red Kidney Beans, Club Pack",$11.49 ,$11.49 ,"3.63 kg, $0.32/100g","Dried Beans, Vegetables & Grains",/p/21035453_EA
Green Split Peas ,$3.49 ,$3.49 ,"907 g, $0.38/100g","Dried Beans, Vegetables & Grains",/p/20902479_EA
Pigeon Peas ,$3.29 ,$3.29 ,"800 g, $0.41/100g","Dried Beans, Vegetables & Grains",/p/20601821_EA
"Urad Dal Whole, Club Pack",$11.49 ,$11.49 ,"3.63 kg, $0.32/100g","Dried Beans, Vegetables & Grains",/p/21035465_EA
Split Mung Beans ,$3.49 ,$3.49 ,"907 g, $0.38/100g","Dried Beans, Vegetables & Grains",/p/20902357_EA
Chick Peas,$17.99 ,$17.99 ,"4.99 kg, $0.36/100g","Dried Beans, Vegetables & Grains",/p/20617921_EA
"Kidney Beans, Dark Red",$3.49 ,$3.99 ,"907 g, $0.38/100g","Dried Beans, Vegetables & Grains",/p/20312131_EA
Red Lentils,$17.99 ,$17.99 ,"4.989 kg, $0.36/100g","Dried Beans, Vegetables & Grains",/p/20617749_EA
Split Pigeon Peas,$11.49 ,$11.49 ,"3.63 kg, $0.32/100g","Dried Beans, Vegetables & Grains",/p/21035630_EA
"Navy Beans, White",$3.29 ,$3.99 ,"907 g, $0.36/100g","Dried Beans, Vegetables & Grains",/p/20314160_EA
Chickpeas,$7.49 ,$7.49 ,"1.8 kg, $0.42/100g","Dried Beans, Vegetables & Grains",/p/20015012_EA
Black Turtle Beans,$3.29 ,$3.99 ,"907 g, $0.36/100g","Dried Beans, Vegetables & Grains",/p/20322134_EA
Kala Channa,$3.49 ,$3.49 ,"907 g, $0.38/100g","Dried Beans, Vegetables & Grains",/p/20902353_EA
"Lentils, Brown Whole",$3.49 ,$3.49 ,"907 g, $0.38/100g","Dried Beans, Vegetables & Grains",/p/20902185_EA
"Masoor Dal Red, Club Pack",$11.49 ,$11.49 ,"3.63 kg, $0.32/100g","Dried Beans, Vegetables & Grains",/p/21035454_EA
Peas Whole Green,$6.00 ,$6.00 ,"1.8 kg, $0.33/100g","Dried Beans, Vegetables & Grains",/p/20558868_EA
Yellow Split Peas,$6.99 ,$6.99 ,"2 kg, $0.35/100g","Dried Beans, Vegetables & Grains",/p/21307041_EA
Moth Bean,$3.49 ,$3.49 ,"907 g, $0.38/100g","Dried Beans, Vegetables & Grains",/p/20902477_EA
Moth Beans,$6.00 ,$6.00 ,"1.81 kg, $0.33/100g","Dried Beans, Vegetables & Grains",/p/20901566_EA
Beans Huskless Split Black Mapte,$6.00 ,$6.00 ,"1.81 kg, $0.33/100g","Dried Beans, Vegetables & Grains",/p/20901363_EA
Red Lentil,$7.49 ,$7.49 ,"1.81 kg, $0.41/100g","Dried Beans, Vegetables & Grains",/p/20159728_EA
Toor Dal Dry,$3.49 ,$3.49 ,"907 g, $0.38/100g","Dried Beans, Vegetables & Grains",/p/20902522_EA
Mapte Beans Huskless Black,$6.00 ,$6.00 ,"1.81 kg, $0.33/100g","Dried Beans, Vegetables & Grains",/p/20901129_EA
Light Red Kidney Beans,$17.99 ,$17.99 ,"4.989 kg, $0.36/100g","Dried Beans, Vegetables & Grains",/p/20618271_EA
"Moong Dal Whole, Club Pack",$11.49 ,$11.49 ,"3.63 kg, $0.32/100g","Dried Beans, Vegetables & Grains",/p/21035455_EA
"Peas, Yellow",$3.29 ,$3.99 ,"907 g, $0.36/100g","Dried Beans, Vegetables & Grains",/p/20322981_EA
"Red Beans, Small",$3.29 ,$3.99 ,"907 g, $0.36/100g","Dried Beans, Vegetables & Grains",/p/20125770_EA
Mapte Beans Split Black,$6.00 ,$6.00 ,"1.81 kg, $0.33/100g","Dried Beans, Vegetables & Grains",/p/20902525_EA
Channa Dal,$3.49 ,$3.49 ,"907 g, $0.38/100g","Dried Beans, Vegetables & Grains",/p/20902371_EA
Moong Dal Washed,$7.49 ,$7.49 ,"1.81 kg, $0.41/100g","Dried Beans, Vegetables & Grains",/p/20615479_EA
Bassé Classic Trail Mix,$5.50 ,$5.50 ,"600 g, $0.92/100g",Bulk Nuts and Candy,/p/21158603_EA
Bassé Peanut Lover's Mix,$5.50 ,$5.50 ,"600 g, $0.92/100g",Bulk Nuts and Candy,/p/21158597_EA
Mountain Peak Mix    ,$5.50 ,$5.50 ,"600 g, $0.92/100g",Bulk Nuts and Candy,/p/21158612_EA
Dark Chocolate Cranberry Mix,$5.50 ,$5.50 ,"480 g, $1.15/100g",Bulk Nuts and Candy,/p/21158613_EA
Maple & Brown Sugar Flavour Instant Oatmeal,$3.49 ,$3.97 ,"344 g, $1.01/100g",Bulk Nuts and Candy,/p/21190254_EA
Bassé Ultimate Bar Mix,$5.50 ,$5.50 ,"550 g, $1.00/100g",Bulk Nuts and Candy,/p/21158584_EA
Bassé Cranberry Trek Mix,$5.50 ,$5.50 ,"550 g, $1.00/100g",Bulk Nuts and Candy,/p/21158602_EA
Bassé Mix Edamame Power,$5.50 ,$5.50 ,"440 g, $1.25/100g",Bulk Nuts and Candy,/p/21158606_EA
Raw Pumpkin Seeds,$4.99 ,$4.99 ,"250 g, $2.00/100g",Bulk Nuts and Candy,/p/21407208_EA
Instant Oatmeal 3 Flavour Variety Pack,$3.49 ,$3.97 ,"314 g, $1.11/100g",Bulk Nuts and Candy,/p/21190260_EA
Jubes  Candy,$0.99 ,$0.99 ,$0.99/100g,Bulk Nuts and Candy,/p/21343735_KG
Raw  Pumpkin Kernels,$2.29 ,$2.29 ,$2.29/100g,Bulk Nuts and Candy,/p/21343668_KG
Milk Chocolate  Almonds,$1.99 ,$1.99 ,$1.99/100g,Bulk Nuts and Candy,/p/21344099_KG
"Unsalted Sunflower Seeds, Hulled",$1.29 ,$1.29 ,"165 g, $0.78/100g",Bulk Nuts and Candy,/p/21024967_EA
Apples & Cinnamon Instant Oatmeal,$3.49 ,$3.97 ,"264 g, $1.32/100g",Bulk Nuts and Candy,/p/21190251_EA
"Mixed Nuts 50% Cashews, Sea Salt",$7.49 ,$7.49 ,"300 g, $2.50/100g",Bulk Nuts and Candy,/p/21406285_EA
Sweet & Spicy Pub Mix,$5.50 ,$5.50 ,"415 g, $1.33/100g",Bulk Nuts and Candy,/p/21524508_EA
Nuts Raw California Almonds,$16.00 ,$16.00 ,"907 g, $1.76/100g",Bulk Nuts and Candy,/p/21404746_EA
Walnuts,$10.00 ,$10.00 ,"240 g, $4.17/100g",Bulk Nuts and Candy,/p/20771610_EA
Bassé Earth Mix,$5.50 ,$5.50 ,"445 g, $1.24/100g",Bulk Nuts and Candy,/p/21158610_EA
Unsalted Mixed Nuts,$7.49 ,$7.49 ,"300 g, $2.50/100g",Bulk Nuts and Candy,/p/21404784_EA
Unsalted Mixed Nuts,$16.00 ,$16.00 ,"680 g, $2.35/100g",Bulk Nuts and Candy,/p/21404808_EA
Nuts Dry Roasted California Almonds,$16.00 ,$16.00 ,"907 g, $1.76/100g",Bulk Nuts and Candy,/p/21404733_EA
Magic Mix,$5.50 ,$5.50 ,"415 g, $1.33/100g",Bulk Nuts and Candy,/p/21524529_EA
Raw  Almonds,$2.79 ,$2.79 ,$2.79/100g,Bulk Nuts and Candy,/p/21343702_KG
Movie Night Mix,$5.50 ,$5.50 ,"415 g, $1.33/100g",Bulk Nuts and Candy,/p/21524526_EA
Raw Cashews,$16.00 ,$16.00 ,"680 g, $2.35/100g",Bulk Nuts and Candy,/p/21404971_EA
Raw  California Walnuts  Halves & Pieces,$2.99 ,$2.99 ,$2.99/100g,Bulk Nuts and Candy,/p/21343704_KG
Dry Roasted Cashews with Sea Salt,$16.00 ,$16.00 ,"680 g, $2.35/100g",Bulk Nuts and Candy,/p/21404694_EA
West Coast Mix,$5.50 ,$5.50 ,"415 g, $1.33/100g",Bulk Nuts and Candy,/p/21524499_EA
Bassé Popcorn Mix,$5.50 ,$5.50 ,"520 g, $1.06/100g",Bulk Nuts and Candy,/p/21158585_EA
Mixed Nuts with Sea Salt,$16.00 ,$16.00 ,"680 g, $2.35/100g",Bulk Nuts and Candy,/p/21404871_EA
Sweetened  Banana Chips,$1.49 ,$1.49 ,$1.49/100g,Bulk Nuts and Candy,/p/21344243_KG
Raw California Almonds,$6.99 ,$6.99 ,"400 g, $1.75/100g",Bulk Nuts and Candy,/p/21408053_EA
Blanched Sliced  Almonds,$2.79 ,$2.79 ,$27.90/1kg,Bulk Nuts and Candy,/p/21344037_KG
Bassé Omega Mix,$5.50 ,$5.50 ,"415 g, $1.33/100g",Bulk Nuts and Candy,/p/21158618_EA
Salted  Toasted Corn,$1.86 ,$1.86 ,$1.49/100g,Bulk Nuts and Candy,/p/21343947_KG
Roasted Unsalted Blanched Peanuts,$1.29 ,$1.29 ,"175 g, $0.74/100g",Bulk Nuts and Candy,/p/21024969_EA
Chocolate Flavored  Macaroons,$1.49 ,$1.49 ,$1.49/100g,Bulk Nuts and Candy,/p/21343998_KG
Sour  Ju Jubes Candy,$0.99 ,$0.99 ,$0.99/100g,Bulk Nuts and Candy,/p/21344260_KG
"Shelled Pumpkin Seeds, Unsalted",$7.49 ,$7.49 ,"250 g, $3.00/100g",Bulk Nuts and Candy,/p/20771413_EA
Sweetened Dried  Cranberries,$2.69 ,$2.69 ,$1.79/100g,Bulk Nuts and Candy,/p/21343169_KG
Unsalted Dry Roasted California Almonds,$7.49 ,$7.49 ,"375 g, $2.00/100g",Bulk Nuts and Candy,/p/21408065_EA
Raw  Pecan Halves,$4.49 ,$4.49 ,$4.49/100g,Bulk Nuts and Candy,/p/21343231_KG
Raw  Walnut Pieces,$2.79 ,$2.79 ,$2.79/100g,Bulk Nuts and Candy,/p/21344318_KG
Dry Roasted Cashews,$16.00 ,$16.00 ,"680 g, $2.35/100g",Bulk Nuts and Candy,/p/21404696_EA
Dried Banana Chips,$5.00 ,$5.00 ,"220 g, $2.27/100g",Bulk Nuts and Candy,/p/21519978_EA
Pine Nuts,$10.00 ,$10.00 ,"200 g, $5.00/100g",Bulk Nuts and Candy,/p/21520008_EA
Unsalted Roasted Pumpkin Seeds,$6.00 ,$6.00 ,"250 g, $2.40/100g",Bulk Nuts and Candy,/p/21519026_EA
Bassé Exotic Fruit Mix,$5.50 ,$5.50 ,"425 g, $1.29/100g",Bulk Nuts and Candy,/p/21158591_EA
Sweet and Savoury Trail Mix,$3.49 ,$3.49 ,$3.49/100g,Bulk Nuts and Candy,/p/21382426_KG
Raw California Walnut Halves,$7.29 ,$7.29 ,"300 g, $2.43/100g",Bulk Nuts and Candy,/p/21408055_EA
Organic Trail Mix,$3.29 ,$3.29 ,$3.29/100g,Bulk Nuts and Candy,/p/21382421_KG
Unsalted Raw Sunflower Seeds,$5.00 ,$5.00 ,"400 g, $1.25/100g",Bulk Nuts and Candy,/p/21519991_EA
Gummi Grizzly Bear,$0.99 ,$0.99 ,$0.99/100g,Bulk Nuts and Candy,/p/21343713_KG
Mixed Gummies,$1.49 ,$1.49 ,$1.49/100g,Bulk Nuts and Candy,/p/21382300_KG
Roasted Salted  Almonds,$2.49 ,$2.49 ,$2.49/100g,Bulk Nuts and Candy,/p/21344253_KG
"Cashews, Raw Whole",$10.00 ,$10.00 ,"200 g, $5.00/100g",Bulk Nuts and Candy,/p/20557158_EA
Crunchy Nuts & Peas,$0.45 ,$0.45 ,$0.89/100g,Bulk Nuts and Candy,/p/20047646_KG
Bbq Flavored  Peanuts,$0.99 ,$0.99 ,$0.99/100g,Bulk Nuts and Candy,/p/21343260_KG
Sweet and Savoury Trail Mix,$3.49 ,$3.49 ,$3.49/100g,Bulk Nuts and Candy,/p/21382426_KG
Fruit Pressed Candy,$0.50 ,$0.50 ,$0.99/100g,Bulk Nuts and Candy,/p/20139964_KG
Dark Chocolate Coffee Beans,$2.49 ,$2.49 ,$2.49/100g,Bulk Nuts and Candy,/p/21382302_KG
Cranberry Trail Mix,$10.00 ,$10.00 ,"500 g, $2.00/100g",Bulk Nuts and Candy,/p/21201143_EA
Walnut Halves,$10.00 ,$10.00 ,"150 g, $6.67/100g",Bulk Nuts and Candy,/p/20799981_EA
Roasted Unsalted  Almonds,$2.49 ,$2.49 ,$2.49/100g,Bulk Nuts and Candy,/p/21344257_KG
Salted  Flax Corn Chips,$1.79 ,$1.79 ,$1.79/100g,Bulk Nuts and Candy,/p/21343895_KG
Cranberry Cocktail Mix,$11.99 ,$11.99 ,"850 g, $1.41/100g",Bulk Nuts and Candy,/p/21221115_EA
BBQ Hickory Almonds,$11.99 ,$14.99 ,"500 g, $2.40/100g",Bulk Nuts and Candy,/p/21347917_EA
Tamari Almonds,$11.99 ,$14.99 ,"500 g, $2.40/100g",Bulk Nuts and Candy,/p/21196004_EA
Salted Toasted Corn,$5.00 ,$5.00 ,"250 g, $2.00/100g",Bulk Nuts and Candy,/p/21519502_EA
Dry Roasted California Almonds with Sea Salt,$7.49 ,$7.49 ,"375 g, $2.00/100g",Bulk Nuts and Candy,/p/21408058_EA
Tamari-Flavoured Almonds,$7.00 ,$7.00 ,"275 g, $2.55/100g",Bulk Nuts and Candy,/p/21398974_EA
Bbq Flavored  Toasted Corn,$1.86 ,$1.86 ,$1.49/100g,Bulk Nuts and Candy,/p/21344090_KG
Blueberry Divine,$9.79 ,$9.79 ,"500 g, $1.96/100g",Bulk Nuts and Candy,/p/21201141_EA
Roasted Salted  Deluxe Mixed Nuts  40% Cashews,$3.49 ,$3.49 ,$3.49/100g,Bulk Nuts and Candy,/p/21343228_KG
Sesame Sticks,$1.29 ,$1.29 ,"90 g, $1.43/100g",Bulk Nuts and Candy,/p/20986567_EA
Cranberries,$6.50 ,$6.50 ,"200 g, $3.25/100g",Bulk Nuts and Candy,/p/20800091_EA
Raw  Sunflower Kernels,$0.99 ,$0.99 ,$0.99/100g,Bulk Nuts and Candy,/p/21344269_KG
Honey Roasted Peanuts,$1.29 ,$1.29 ,"150 g, $0.86/100g",Bulk Nuts and Candy,/p/21025801_EA
Salted Roasted Almonds,$10.00 ,$10.00 ,"350 g, $2.86/100g",Bulk Nuts and Candy,/p/21519216_EA
Plantain Chips,$6.00 ,$6.00 ,"150 g, $4.00/100g",Bulk Nuts and Candy,/p/21519975_EA
Maple-Flavoured Mixed Nuts,$6.49 ,$6.49 ,"275 g, $2.36/100g",Bulk Nuts and Candy,/p/21398979_EA
Mixed-Berry Trail Mix,$6.49 ,$6.49 ,"275 g, $2.36/100g",Bulk Nuts and Candy,/p/21398983_EA
Raw Pumpkin Seeds,$6.00 ,$6.00 ,"300 g, $2.00/100g",Bulk Nuts and Candy,/p/21520009_EA
Dried Turkish Apricots,$2.79 ,$2.79 ,$2.79/100g,Bulk Nuts and Candy,/p/21382637_KG
Raw  Pine Nuts,$5.00 ,$5.00 ,$9.99/100g,Bulk Nuts and Candy,/p/21343857_KG
Sultana Raisins,$0.99 ,$0.99 ,$0.99/100g,Bulk Nuts and Candy,/p/21344218_KG
Unsalted Roasted Sunflower Seeds,$5.00 ,$5.00 ,"400 g, $1.25/100g",Bulk Nuts and Candy,/p/21519055_EA
Sierra Mix,$9.99 ,$9.99 ,"850 g, $1.18/100g",Bulk Nuts and Candy,/p/21220735_EA
Dry Roasted Cashews with Sea Salt,$8.99 ,$8.99 ,"350 g, $2.57/100g",Bulk Nuts and Candy,/p/21408064_EA
Blanched Slivered  Almonds,$2.79 ,$2.79 ,$2.79/100g,Bulk Nuts and Candy,/p/21343956_KG
Raw Deluxe Mixed Nuts,$9.50 ,$9.50 ,"325 g, $2.92/100g",Bulk Nuts and Candy,/p/21519421_EA
Organic Mango Slices,$7.29 ,$7.29 ,"125 g, $5.83/100g",Bulk Nuts and Candy,/p/20891919_EA
Raw  Mixed Nuts  62% Almonds,$3.49 ,$3.49 ,$3.49/100g,Bulk Nuts and Candy,/p/21343111_KG
Spicy Peanuts,$1.79 ,$1.79 ,$1.79/100g,Bulk Nuts and Candy,/p/21382839_KG
"Salted Sunflower Seeds, In Shell",$1.29 ,$1.29 ,"150 g, $0.86/100g",Bulk Nuts and Candy,/p/21024941_EA
Dried Mango Slices,$5.00 ,$5.00 ,"250 g, $2.00/100g",Bulk Nuts and Candy,/p/21519973_EA
Dry Roasted Sea Salt Cashews,$11.00 ,$12.00 ,"350 g, $3.14/100g",Bulk Nuts and Candy,/p/20771281_EA
Sultana Raisins,$0.99 ,$0.99 ,$0.99/100g,Bulk Nuts and Candy,/p/21344218_KG
Unsalted Roasted Sunflower Seeds,$5.00 ,$5.00 ,"400 g, $1.25/100g",Bulk Nuts and Candy,/p/21519055_EA
Spicy Peanuts,$1.79 ,$1.79 ,$1.79/100g,Bulk Nuts and Candy,/p/21382839_KG
Roasted Salted Pumpkin Seeds,$11.99 ,$11.99 ,"700 g, $1.71/100g",Bulk Nuts and Candy,/p/21220651_EA
Blanched Slivered  Almonds,$2.79 ,$2.79 ,$2.79/100g,Bulk Nuts and Candy,/p/21343956_KG
Raw Deluxe Mixed Nuts,$9.50 ,$9.50 ,"325 g, $2.92/100g",Bulk Nuts and Candy,/p/21519421_EA
Organic Mango Slices,$7.29 ,$7.29 ,"125 g, $5.83/100g",Bulk Nuts and Candy,/p/20891919_EA
Roasted Salted Blanched Peanuts,$1.29 ,$1.29 ,"175 g, $0.74/100g",Bulk Nuts and Candy,/p/21025765_EA
Wild Berry Salad Topper,$9.99 ,$9.99 ,"575 g, $1.74/100g",Bulk Nuts and Candy,/p/21297259_EA
"Dry Roasted Mixed Nuts, Unsalted    ",$12.00 ,$12.00 ,"325 g, $3.69/100g",Bulk Nuts and Candy,/p/20771309_EA
Great North Maple Mix,$6.99 ,$6.99 ,"140 g, $4.99/100g",Bulk Nuts and Candy,/p/21495423_EA
Raw  Mixed Nuts  62% Almonds,$3.49 ,$3.49 ,$3.49/100g,Bulk Nuts and Candy,/p/21343111_KG
Plantain Chips,$0.65 ,$0.65 ,$1.29/100g,Bulk Nuts and Candy,/p/20759780_KG
Dry Roasted Cashews with Sea Salt,$8.99 ,$8.99 ,"350 g, $2.57/100g",Bulk Nuts and Candy,/p/21408064_EA
Dried Mango Slices,$5.00 ,$5.00 ,"250 g, $2.00/100g",Bulk Nuts and Candy,/p/21519973_EA
Dry Roasted Sea Salt Cashews,$11.00 ,$12.00 ,"350 g, $3.14/100g",Bulk Nuts and Candy,/p/20771281_EA
Bulk Thompson Raisin,$1.29 ,$1.29 ,"140 g, $0.92/100g",Bulk Nuts and Candy,/p/21023804_EA
"Salted Sunflower Seeds, In Shell",$1.29 ,$1.29 ,"150 g, $0.86/100g",Bulk Nuts and Candy,/p/21024941_EA
Dry-Roasted Almonds,$10.00 ,$10.00 ,"350 g, $2.86/100g",Bulk Nuts and Candy,/p/21519992_EA
Toasted Chili Corn Nuts,$1.19 ,$1.19 ,"90 g, $1.32/100g",Bulk Nuts and Candy,/p/20986507_EA
Brazil Nuts,$10.00 ,$10.00 ,"275 g, $3.64/100g",Bulk Nuts and Candy,/p/21519989_EA
Salted Plantain Chips,$2.49 ,$2.49 ,$2.49/100g,Bulk Nuts and Candy,/p/21382395_KG
Salted Roasted Pumpkin Seeds,$6.00 ,$6.00 ,"250 g, $2.40/100g",Bulk Nuts and Candy,/p/21519430_EA
Roasted Salted  Sunflower Kernels,$0.99 ,$0.99 ,$0.99/100g,Bulk Nuts and Candy,/p/21344265_KG
Organic Cranberry Splash Trail Mix,$2.49 ,$2.49 ,$2.49/100g,Bulk Nuts and Candy,/p/21382404_KG
Chili Picante Toasted Corn Snack,$1.49 ,$1.49 ,$1.49/100g,Bulk Nuts and Candy,/p/21382374_KG
Milk Chocolate Covered Pretzels,$1.99 ,$1.99 ,$1.99/100g,Bulk Nuts and Candy,/p/21343853_KG
Muesli,$0.40 ,$0.40 ,$0.79/100g,Bulk Nuts and Candy,/p/20099241_KG
Chocolate & Cinnamon Nut Mix Salted Hot Cocoa ,$11.99 ,$12.99 ,"500 g, $2.40/100g",Bulk Nuts and Candy,/p/21448050_EA
Unsalted Roasted Almonds,$10.00 ,$10.00 ,"350 g, $2.86/100g",Bulk Nuts and Candy,/p/21519988_EA
Raw California Walnut Halves,$16.00 ,$16.00 ,"680 g, $2.35/100g",Bulk Nuts and Candy,/p/21404724_EA
Dry Roasted Salted Macadamia Nuts,$6.99 ,$6.99 ,$6.99/100g,Bulk Nuts and Candy,/p/21382800_KG
Thompson Raisins,$1.29 ,$1.29 ,$1.29/100g,Bulk Nuts and Candy,/p/21344249_KG
Manhattan Mix,$0.50 ,$0.50 ,$0.99/100g,Bulk Nuts and Candy,/p/20293474_KG
Milk Chocolate  Jujubes,$1.79 ,$1.79 ,$1.79/100g,Bulk Nuts and Candy,/p/21344066_KG
Pitted Dried Prunes,$8.00 ,$8.00 ,"375 g, $2.67/100g",Bulk Nuts and Candy,/p/21519960_EA
Caramel Corn,$1.49 ,$1.49 ,$1.49/100g,Bulk Nuts and Candy,/p/21382387_KG
Maple Almonds     ,$11.99 ,$14.99 ,"600 g, $2.00/100g",Bulk Nuts and Candy,/p/21195913_EA
BBQ Peanuts,$4.29 ,$4.29 ,"400 g, $1.07/100g",Bulk Nuts and Candy,20559118001_EA
BBQ Peanuts,$1.29 ,$1.29 ,"150 g, $0.86/100g",Bulk Nuts and Candy,/p/21024972_EA
Slivered Almonds,$8.00 ,$8.00 ,"250 g, $3.20/100g",Bulk Nuts and Candy,/p/21520012_EA
Dark Chocolate Dipped Mango,$6.99 ,$6.99 ,"120 g, $5.83/100g",Bulk Nuts and Candy,/p/21495422_EA
Bassé Coconut Mix,$5.50 ,$5.50 ,"510 g, $1.08/100g",Bulk Nuts and Candy,/p/21158616_EA
Natural Raw Almonds,$12.00 ,$12.00 ,"325 g, $3.69/100g",Bulk Nuts and Candy,/p/20771158_EA
Milk Chocolate Raisins,$1.79 ,$1.79 ,$1.79/100g,Bulk Nuts and Candy,/p/21382321_KG
Salted Dry-Roasted Almonds,$10.00 ,$10.00 ,"350 g, $2.86/100g",Bulk Nuts and Candy,/p/21519995_EA
Dried Apricots,$5.49 ,$5.49 ,"250 g, $2.20/100g",Bulk Nuts and Candy,/p/21407212_EA
Sour Bud Bites,$1.29 ,$1.29 ,$1.29/100g,Bulk Nuts and Candy,/p/21382251_KG
Raw  Macadamia Nuts,$3.15 ,$3.15 ,$6.29/100g,Bulk Nuts and Candy,/p/21344685_KG
Milk Chocolate Raisins,$1.79 ,$1.79 ,$1.79/100g,Bulk Nuts and Candy,/p/21382321_KG
Salted Dry-Roasted Almonds,$10.00 ,$10.00 ,"350 g, $2.86/100g",Bulk Nuts and Candy,/p/21519995_EA
Sour Bud Bites,$1.29 ,$1.29 ,$1.29/100g,Bulk Nuts and Candy,/p/21382251_KG
Raw Cashews,$10.00 ,$10.00 ,"350 g, $2.86/100g",Bulk Nuts and Candy,/p/21519997_EA
Dried Apricots,$5.49 ,$5.49 ,"250 g, $2.20/100g",Bulk Nuts and Candy,/p/21407212_EA
Crunch 'n Munch,$1.29 ,$1.29 ,"100 g, $1.29/100g",Bulk Nuts and Candy,/p/20986487_EA
Salted Roasted Sunflower Seeds,$5.00 ,$5.00 ,"400 g, $1.25/100g",Bulk Nuts and Candy,/p/21519030_EA
Gummi Wiggly Worms,$1.29 ,$1.29 ,$1.29/100g,Bulk Nuts and Candy,/p/21343914_KG
Cranberry Cocktail Mix,$1.19 ,$1.19 ,"115 g, $1.03/100g",Bulk Nuts and Candy,/p/20985018_EA
Unsalted Roasted Deluxe Mixed Nuts,$9.50 ,$9.50 ,"350 g, $2.71/100g",Bulk Nuts and Candy,/p/21519426_EA
Virginia Peanuts Salted,$1.29 ,$1.29 ,$1.29/100g,Bulk Nuts and Candy,/p/21382809_KG
"Organic Cashews, Roasted & Unsalted",$11.99 ,$11.99 ,"200 g, $6.00/100g",Bulk Nuts and Candy,/p/20891918_EA
"Peas & Favas Mix, Spicy",$7.99 ,$7.99 ,"400 g, $2.00/100g",Bulk Nuts and Candy,/p/21521599_EA
Unsalted  Cranberry Cocktail  Trail Mix,$1.79 ,$1.79 ,$1.79/100g,Bulk Nuts and Candy,/p/21343136_KG
"Almonds, Raw",$12.00 ,$12.00 ,"200 g, $6.00/100g",Bulk Nuts and Candy,/p/20799848_EA
Cranberry Fitness Trail Mix,$1.99 ,$1.99 ,$1.99/100g,Bulk Nuts and Candy,/p/21343987_KG
Hot Cajun Corn Sticks,$1.79 ,$1.79 ,$1.79/100g,Bulk Nuts and Candy,/p/21382347_KG
Chocolate Mix,$7.99 ,$7.99 ,"350 g, $2.28/100g",Bulk Nuts and Candy,/p/21521521_EA
Sour Gummi Worms,$1.29 ,$1.29 ,$1.29/100g,Bulk Nuts and Candy,/p/21382294_KG
Raw Pecan Halves,$8.00 ,$8.00 ,"150 g, $5.33/100g",Bulk Nuts and Candy,/p/21407211_EA
Raw  Pecan Pieces,$4.29 ,$4.29 ,$4.29/100g,Bulk Nuts and Candy,/p/21344299_KG
Natural Almonds,$3.99 ,$4.49 ,"200 g, $2.00/100g",Bulk Nuts and Candy,/p/20565042_EA
Organic Salad Topper Smart Life,$9.99 ,$9.99 ,"600 g, $1.67/100g",Bulk Nuts and Candy,/p/21192085_EA
Crunch Sriracha Salad Topper   ,$9.99 ,$10.99 ,"575 g, $1.74/100g",Bulk Nuts and Candy,/p/21166271_EA
Raw Cashews,$8.49 ,$8.49 ,"350 g, $2.43/100g",Bulk Nuts and Candy,/p/21408051_EA
Pecan Pieces,$10.00 ,$10.00 ,"300 g, $3.33/100g",Bulk Nuts and Candy,/p/21519383_EA
Roasted Salted  Peanuts,$2.58 ,$2.58 ,$1.29/100g,Bulk Nuts and Candy,/p/21343162_KG
Large Pitted Prunes,$18.49 ,$18.49 ,"1000 g, $1.85/100g",Bulk Nuts and Candy,/p/21220976_EA
Banana Bread Mix,$6.99 ,$6.99 ,"140 g, $4.99/100g",Bulk Nuts and Candy,/p/21495452_EA
Super Mix,$1.19 ,$1.19 ,"115 g, $1.03/100g",Bulk Nuts and Candy,/p/21024996_EA
Maple & Salted Almonds,$6.99 ,$6.99 ,"140 g, $4.99/100g",Bulk Nuts and Candy,/p/21495420_EA
Edamame Mix,$7.99 ,$7.99 ,"400 g, $2.00/100g",Bulk Nuts and Candy,/p/21521587_EA
Cashew,$10.00 ,$10.00 ,"350 g, $2.86/100g",Bulk Nuts and Candy,/p/21519983_EA
Thompson Raisins,$5.00 ,$5.00 ,"400 g, $1.25/100g",Bulk Nuts and Candy,/p/21519993_EA
"Raw Hazelnuts, 170 Grams",$6.00 ,$6.00 ,"170 g, $3.53/100g",Bulk Nuts and Candy,/p/21520011_EA
Unsalted  Sierra  Trail Mix,$1.49 ,$1.49 ,$1.49/100g,Bulk Nuts and Candy,/p/21343126_KG
Grand Slam Chocolate  Fruits & Nuts,$2.49 ,$2.49 ,$1.99/100g,Bulk Nuts and Candy,/p/21344039_KG
Medjool Dates,$11.49 ,$11.49 ,"250 g, $4.60/100g",Bulk Nuts and Candy,/p/20557321_EA
Banana Chips,$7.79 ,$7.79 ,"450 g, $1.73/100g",Bulk Nuts and Candy,/p/21221114_EA
Walnut Halves & Pieces,$12.99 ,$12.99 ,"500 g, $2.60/100g",Bulk Nuts and Candy,/p/21220656_EA
French Onion Soup,$0.50 ,$0.50 ,$0.99/100g,Bulk Nuts and Candy,/p/20331143_KG
Creamy Candy,$2.79 ,$2.79 ,"180 g, $1.55/100g",Bulk Nuts and Candy,/p/21403977_EA
Roasted Unsalted  Sunflower Kernels,$0.99 ,$0.99 ,$0.99/100g,Bulk Nuts and Candy,/p/21343660_KG
Salted Cashews Almonds and Macadamia Nuts,$7.00 ,$7.00 ,"200 g, $3.50/100g",Bulk Nuts and Candy,/p/21407213_EA
Ground Flax Seed,$3.99 ,$3.99 ,"907 g, $0.44/100g",Bulk Nuts and Candy,20057067002_EA
Sour Mixed Gummies,$1.29 ,$1.29 ,$1.29/100g,Bulk Nuts and Candy,/p/21382299_KG
Raw  Pistachio Kernels,$3.00 ,$3.00 ,$5.99/100g,Bulk Nuts and Candy,/p/21343856_KG
Grand Slam Chocolate  Fruits & Nuts,$2.49 ,$2.49 ,$1.99/100g,Bulk Nuts and Candy,/p/21344039_KG
Medjool Dates,$11.49 ,$11.49 ,"250 g, $4.60/100g",Bulk Nuts and Candy,/p/20557321_EA
Walnut Halves & Pieces,$12.99 ,$12.99 ,"500 g, $2.60/100g",Bulk Nuts and Candy,/p/21220656_EA
Roasted Sunflower Seeds No Salt,$5.79 ,$5.79 ,"800 g, $0.72/100g",Bulk Nuts and Candy,/p/21220648_EA
Pitted Prunes,$3.44 ,$3.44 ,$2.29/100g,Bulk Nuts and Candy,/p/21343195_KG
Unsalted  Sierra  Trail Mix,$1.49 ,$1.49 ,$1.49/100g,Bulk Nuts and Candy,/p/21343126_KG
Roasted Sunflower Seeds,$4.49 ,$4.49 ,"350 g, $1.28/100g",Bulk Nuts and Candy,/p/21407215_EA
Creamy Candy,$2.79 ,$2.79 ,"180 g, $1.55/100g",Bulk Nuts and Candy,/p/21403977_EA
Olio d'Oliva Almonds,$11.99 ,$14.99 ,"550 g, $2.18/100g",Bulk Nuts and Candy,/p/21195937_EA
"Dry Roasted Cashews, Unsalted",$12.00 ,$12.00 ,"350 g, $3.43/100g",Bulk Nuts and Candy,/p/20771363_EA
Praline Peanuts,$1.29 ,$1.29 ,"150 g, $0.86/100g",Bulk Nuts and Candy,/p/21025797_EA
Hot Chick Peas,$1.29 ,$1.29 ,"90 g, $1.43/100g",Bulk Nuts and Candy,/p/21025805_EA
"Walnuts, Halves & Pieces",$12.00 ,$12.00 ,"454 g, $2.64/100g",Bulk Nuts and Candy,/p/20150763_EA
Dried Cranberries,$8.00 ,$8.00 ,"375 g, $2.13/100g",Bulk Nuts and Candy,/p/21519932_EA
"Sesame Stick, Regular",$3.99 ,$3.99 ,"300 g, $1.33/100g",Bulk Nuts and Candy,/p/20559028_EA
Salted Roasted Peanuts,$6.00 ,$6.00 ,"400 g, $1.50/100g",Bulk Nuts and Candy,/p/21519583_EA
Salted Sunflower Seeds,$1.29 ,$1.29 ,"165 g, $0.78/100g",Bulk Nuts and Candy,/p/21024964_EA
Crunch Salad Topper    ,$9.99 ,$9.99 ,"575 g, $1.74/100g",Bulk Nuts and Candy,/p/21166217_EA
Pecan Halves,$10.00 ,$10.00 ,"200 g, $5.00/100g",Bulk Nuts and Candy,/p/21519381_EA
Raw  Brazil Nuts,$4.79 ,$4.79 ,$4.79/100g,Bulk Nuts and Candy,/p/21344280_KG
Candied Peanuts,$5.00 ,$5.00 ,"300 g, $1.67/100g",Bulk Nuts and Candy,/p/21519416_EA
Peanut Butter Cup,$9.79 ,$9.79 ,"500 g, $1.96/100g",Bulk Nuts and Candy,/p/21201256_EA
Roasted Unsalted  Cashews,$3.49 ,$3.49 ,$3.49/100g,Bulk Nuts and Candy,/p/21343679_KG
Sesame Sticks,$6.00 ,$6.00 ,"250 g, $2.40/100g",Bulk Nuts and Candy,/p/21519590_EA
Unsalted Toasted Corn,$5.00 ,$5.00 ,"250 g, $2.00/100g",Bulk Nuts and Candy,/p/21519524_EA
Oriential Delight Mix,$0.50 ,$0.50 ,$0.99/100g,Bulk Nuts and Candy,/p/20971824_KG
Unsalted Roasted Sunflower Seeds,$4.49 ,$4.49 ,"350 g, $1.28/100g",Bulk Nuts and Candy,/p/21407217_EA
Gourmet Selection Dark Chocolate & Salted Caramel,$11.99 ,$14.99 ,"500 g, $2.40/100g",Bulk Nuts and Candy,/p/21196015_EA
Dry Roasted Salted  Pistachios,$3.49 ,$3.49 ,$3.49/100g,Bulk Nuts and Candy,/p/21343708_KG
Salted Roasted Deluxe Mixed Nuts,$9.50 ,$9.50 ,"350 g, $2.71/100g",Bulk Nuts and Candy,/p/21519425_EA
"Peanuts, Inshell, Roasted, Not Salted",$1.29 ,$1.29 ,"100 g, $1.29/100g",Bulk Nuts and Candy,/p/20984779_EA
Barbecue-Flavoured Peanuts,$5.00 ,$5.00 ,"400 g, $1.25/100g",Bulk Nuts and Candy,/p/21519393_EA
Sweet  Peach Slices,$1.29 ,$1.29 ,$1.29/100g,Bulk Nuts and Candy,/p/21343908_KG
Natural Almonds,$9.99 ,$9.99 ,"454 g, $2.20/100g",Bulk Nuts and Candy,/p/20000533_EA
Banana Chips,$1.29 ,$1.29 ,"100 g, $1.29/100g",Bulk Nuts and Candy,/p/20985021_EA
Sesame Sticks  Regular,$1.79 ,$1.79 ,$1.79/100g,Bulk Nuts and Candy,/p/21343878_KG
Walnut Halves and Pieces,$6.00 ,$6.00 ,"275 g, $2.18/100g",Bulk Nuts and Candy,/p/21520015_EA
Golden Raisins,$1.49 ,$1.49 ,$1.49/100g,Bulk Nuts and Candy,/p/21382745_KG
Raw  Walnut Crumbs,$2.99 ,$2.99 ,$2.99/100g,Bulk Nuts and Candy,/p/21344326_KG
Nuts Dry Roasted California Almonds with Sea Salt,$16.00 ,$16.00 ,"907 g, $1.76/100g",Bulk Nuts and Candy,/p/21404770_EA
Candied Pecans,$10.00 ,$10.00 ,"175 g, $5.71/100g",Bulk Nuts and Candy,/p/21519418_EA
"Roasted Coconut Chips, Low Sugar",$0.90 ,$0.90 ,$1.79/100g,Bulk Nuts and Candy,/p/20792397_KG
"Cashews, Roasted & Salted",$12.49 ,$12.49 ,"200 g, $6.25/100g",Bulk Nuts and Candy,/p/20556358_EA
Dried Apricots,$8.00 ,$8.00 ,"375 g, $2.13/100g",Bulk Nuts and Candy,/p/21518901_EA
Raw  Cashews,$3.79 ,$3.79 ,$3.79/100g,Bulk Nuts and Candy,/p/21343678_KG
Crystalized Dried Ginger Slices,$5.00 ,$5.00 ,"250 g, $2.00/100g",Bulk Nuts and Candy,/p/21519968_EA
Virginia Peanuts Roasted With Salt,$8.99 ,$8.99 ,"850 g, $1.06/100g",Bulk Nuts and Candy,/p/21220658_EA
Organic Goji Trail Mix,$3.49 ,$3.49 ,$3.49/100g,Bulk Nuts and Candy,/p/21382424_KG
Dry Roasted Salted  Pistachios,$3.49 ,$3.49 ,$3.49/100g,Bulk Nuts and Candy,/p/21343708_KG
Salted Roasted Deluxe Mixed Nuts,$9.50 ,$9.50 ,"350 g, $2.71/100g",Bulk Nuts and Candy,/p/21519425_EA
"Peanuts, Inshell, Roasted, Not Salted",$1.29 ,$1.29 ,"100 g, $1.29/100g",Bulk Nuts and Candy,/p/20984779_EA
Roasted Unsalted  Cashews,$3.49 ,$3.49 ,$3.49/100g,Bulk Nuts and Candy,/p/21343679_KG
Sesame Sticks,$6.00 ,$6.00 ,"250 g, $2.40/100g",Bulk Nuts and Candy,/p/21519590_EA
Barbecue-Flavoured Peanuts,$5.00 ,$5.00 ,"400 g, $1.25/100g",Bulk Nuts and Candy,/p/21519393_EA
Sweet  Peach Slices,$1.29 ,$1.29 ,$1.29/100g,Bulk Nuts and Candy,/p/21343908_KG
Walnut Pieces,$8.00 ,$8.00 ,"325 g, $2.46/100g",Bulk Nuts and Candy,/p/21520013_EA
Raw Almonds,$10.00 ,$10.00 ,"400 g, $2.50/100g",Bulk Nuts and Candy,/p/21519217_EA
Bassé Island Mix,$5.50 ,$5.50 ,"415 g, $1.33/100g",Bulk Nuts and Candy,/p/21158617_EA
Everything-Seasoned Cashews,$9.00 ,$9.00 ,"275 g, $3.27/100g",Bulk Nuts and Candy,/p/21398794_EA
Unsalted Roasted Peanuts,$6.00 ,$6.00 ,"400 g, $1.50/100g",Bulk Nuts and Candy,/p/21519588_EA
Salted & Toasted Corn,$1.29 ,$1.29 ,"100 g, $1.29/100g",Bulk Nuts and Candy,/p/21024976_EA
Walnut Crumbs,$5.00 ,$5.00 ,"150 g, $3.33/100g",Bulk Nuts and Candy,/p/21519984_EA
Roasted Salted Soy Nuts,$1.19 ,$1.19 ,"200 g, $0.60/100g",Bulk Nuts and Candy,/p/21024939_EA
Pecan Pie Flavoured Nut Mix,$11.99 ,$14.99 ,"500 g, $2.40/100g",Bulk Nuts and Candy,/p/21202300_EA
Turmeric Seasoned Mixed Nuts,$6.50 ,$6.50 ,"275 g, $2.36/100g",Bulk Nuts and Candy,/p/21398777_EA
Salted Dry-Roasted Cashews,$10.00 ,$10.00 ,"350 g, $2.86/100g",Bulk Nuts and Candy,/p/21519986_EA
"Peanuts, Blanched Roasted Salted",$4.29 ,$4.29 ,"400 g, $1.07/100g",Bulk Nuts and Candy,20559118003_EA
Original Salad Topper    ,$9.99 ,$9.99 ,"625 g, $1.60/100g",Bulk Nuts and Candy,/p/21166274_EA
Dry Roasted Almonds,$12.00 ,$12.00 ,"325 g, $3.69/100g",Bulk Nuts and Candy,/p/20771246_EA
Instant Noodles Chicken Flavour,$0.59 ,$0.59 ,"85 g, $0.69/100g",International Foods,20322658001_EA
Salsa Con Queso 394ml,$5.29 ,$5.29 ,"394 ml, $1.34/100ml",International Foods,/p/20674094_EA
Hard & Soft Taco Dinner Kit,$4.49 ,$4.49 ,"340 g, $1.32/100g",International Foods,/p/20795534_EA
Instant Noodles Beef Simulated Flavour,$0.59 ,$0.59 ,"85 g, $0.69/100g",International Foods,20322658004_EA
Maple & Brown Sugar Flavour Instant Oatmeal,$3.49 ,$3.97 ,"344 g, $1.01/100g",International Foods,/p/21190254_EA
Salsa - Mild 418ml,$4.99 ,$4.99 ,"418 ml, $1.19/100ml",International Foods,/p/20673728_EA
Taco Seasoning,$1.69 ,$1.69 ,"24 g, $7.04/100g",International Foods,/p/21049495_EA
Instant Noodles Vegetable Flavour,$0.59 ,$0.59 ,"85 g, $0.69/100g",International Foods,/p/20183528_EA
Salsa - Medium 418ml,$4.99 ,$4.99 ,"418 ml, $1.19/100ml",International Foods,/p/20673717_EA
Instant Oatmeal 3 Flavour Variety Pack,$3.49 ,$3.97 ,"314 g, $1.11/100g",International Foods,/p/21190260_EA
Less Sodium Soy Sauce,$1.99 ,$1.99 ,"450 ml, $0.44/100ml",International Foods,20324462001_EA
"Ichiban Japanese Style Noodles, Chicken",$1.00 ,$1.00 ,"100 g, $1.00/100g",International Foods,20275907001_EA
Instant Noodles Spicy Chicken Simulated Flavour,$0.59 ,$0.59 ,"85 g, $0.69/100g",International Foods,20322658007_EA
"Taco Seasoning Mix, Mild",$1.69 ,$1.69 ,"24 g, $7.04/100g",International Foods,/p/21049505_EA
Apples & Cinnamon Instant Oatmeal,$3.49 ,$3.97 ,"264 g, $1.32/100g",International Foods,/p/21190251_EA
Mild Salsa ,$5.29 ,$5.29 ,"650 ml, $0.81/100ml",International Foods,20309646003_EA
"Ichiban Japanese Style Noodles, Original",$1.00 ,$1.00 ,"100 g, $1.00/100g",International Foods,20275907004_EA
Marinade - Teriyaki Sauce,$3.47 ,$3.47 ,"355 ml, $0.98/100ml",International Foods,20308726001_EA
Medium Salsa,$5.29 ,$5.29 ,"650 ml, $0.81/100ml",International Foods,20309646001_EA
Taco Seasoning Mix,$0.99 ,$0.99 ,"24 g, $4.12/100g",International Foods,/p/21311252_EA
Taco Seasoning Mix,$0.99 ,$0.99 ,"24 g, $4.12/100g",International Foods,/p/21311250_EA
Stand n' Stuff Taco Shells,$3.79 ,$3.79 ,"133 g, $2.85/100g",International Foods,20306992001_EA
Soy Sauce,$1.99 ,$1.99 ,"450 ml, $0.44/100ml",International Foods,20324462002_EA
Large Flour Tortillas,$3.49 ,$3.49 ,"334 g, $1.04/100g",International Foods,/p/20119200_EA
"Ichiban Japanese Style Noodles, Beef",$1.00 ,$1.00 ,"100 g, $1.00/100g",International Foods,20275907005_EA
Instant Noodles Oriental Flavour,$0.59 ,$0.59 ,"85 g, $0.69/100g",International Foods,20322658005_EA
"Soft Tortillas Large, 8 Tortillas",$3.79 ,$3.79 ,"334 g, $1.13/100g",International Foods,20314171001_EA
Taco Crunchy Shells,$3.79 ,$3.79 ,"125 g, $3.03/100g",International Foods,20306992002_EA
Soft Taco Dinner Kit,$4.49 ,$4.49 ,"400 g, $1.12/100g",International Foods,/p/20795536_EA
"Thick n' Chunky Salsa, Medium    ",$4.79 ,$4.79 ,"650 ml, $0.74/100ml",International Foods,20305182001_EA
"Thick n' Chunky Salsa, Mild",$4.79 ,$4.79 ,"650 ml, $0.74/100ml",International Foods,20305182004_EA
Mild White Corn & Black Beans Salsa,$5.29 ,$5.29 ,"650 ml, $0.81/100ml",International Foods,20309646006_EA
Plum Dipping Sauce,$3.47 ,$3.47 ,"341 ml, $1.02/100ml",International Foods,/p/20984013_EA
"Taco Seasoning, Smart Fiesta",$1.69 ,$1.69 ,"24 g, $7.04/100g",International Foods,/p/21049497_EA
Taco Crunchy Shells,$4.29 ,$4.29 ,"191 g, $2.25/100g",International Foods,20320178001_EA
Marinade - Honey Garlic Sauce,$3.47 ,$3.47 ,"341 ml, $1.02/100ml",International Foods,/p/20297368_EA
Soya Sauce,$3.47 ,$3.47 ,"380 ml, $0.91/100ml",International Foods,/p/21127164_EA
"Diner Kit, Hard Taco",$4.49 ,$4.49 ,"250 g, $1.80/100g",International Foods,/p/20795468_EA
Mild Salsa,$4.69 ,$4.69 ,"430 ml, $1.09/100ml",International Foods,20323181001_EA
Fajita Seasoning,$1.69 ,$1.69 ,"24 g, $7.04/100g",International Foods,/p/21049482_EA
Sweet & Sour Dipping Sauce,$3.47 ,$3.47 ,"341 ml, $1.02/100ml",International Foods,/p/20984002_EA
Medium Flour Tortillas,$3.49 ,$3.49 ,"297 g, $1.18/100g",International Foods,/p/20300456_EA
Cheesy Blasted Taco Shells,$4.29 ,$4.29 ,"153 g, $2.80/100g",International Foods,/p/20838196_EA
Chicken Flavour Instant Noodle Soup,$0.39 ,$0.39 ,"85 g, $0.46/100g",International Foods,20301274001_EA
Soy Sauce Lite,$3.47 ,$3.47 ,"380 ml, $0.91/100ml",International Foods,/p/21127163_EA
Plum Sauce,$3.79 ,$3.79 ,"750 ml, $0.51/100ml",International Foods,/p/20052738_EA
Cilantro Lime Crema,$2.79 ,$2.79 ,"245 ml, $1.14/100ml",International Foods,/p/21369954_EA
"Stand N' Stuff Tacos, Dinner Kit, 10 Tacos",$4.49 ,$4.49 ,"250 g, $1.80/100g",International Foods,/p/21494000_EA
Salsa - Mild 645ml,$5.99 ,$5.99 ,"645 ml, $0.93/100ml",International Foods,20027100002_EA
Mild Salsa ,$3.99 ,$3.99 ,"430 ml, $0.93/100ml",International Foods,20088698002_EA
Honey Garlic Sauce,$2.49 ,$2.49 ,"350 ml, $0.71/100ml",International Foods,20323473001_EA
Refried Beans,$3.79 ,$3.79 ,"398 ml, $0.95/100ml",International Foods,20063108001_EA
Mini Tortilla Bowl,$3.99 ,$3.99 ,"144 g, $2.77/100g",International Foods,/p/20961408_EA
Salsa Verde ,$2.79 ,$2.79 ,"215 ml, $1.30/100ml",International Foods,/p/21369919_EA
"Spicy Chicken, Club Pack",$5.49 ,$5.49 ,"12x85.0 g, $0.54/100g",International Foods,/p/20622173_EA
"Tortilla Bowls, Soft",$3.99 ,$3.99 ,"189 g, $2.11/100g",International Foods,/p/20819773_EA
Korean BBQ Sauce,$3.47 ,$3.47 ,"355 ml, $0.98/100ml",International Foods,20308726008_EA
Satay Sauce,$4.49 ,$4.99 ,"270 ml, $1.66/100ml",International Foods,/p/21217616_EA
Smart Fiesta Seasoning Mix,$1.69 ,$1.69 ,"24 g, $7.04/100g",International Foods,/p/21049529_EA
Ranch Flavoured Dip,$5.49 ,$5.49 ,"425 g, $1.29/100g",International Foods,20323883002_EA
"Ichiban Japanese Style Noodles, Shrimp",$1.00 ,$1.00 ,"100 g, $1.00/100g",International Foods,20275907002_EA
Chili Seasoning Mix,$0.99 ,$0.99 ,"24 g, $4.12/100g",International Foods,/p/21311246_EA
Medium Salsa,$10.99 ,$10.99 ,"1.89 l, $0.58/100ml",International Foods,20013427001_EA
Tomatillo Salsa,$5.99 ,$5.99 ,"430 ml, $1.39/100ml",International Foods,/p/20434689_EA
Hot Salsa ,$5.29 ,$5.29 ,"650 ml, $0.81/100ml",International Foods,20309646005_EA
Ichiban Chow Mein Noodles,$1.00 ,$1.00 ,"100 g, $1.00/100g",International Foods,20275907006_EA
Extra Chunky Medium Salsa,$5.29 ,$5.29 ,"650 ml, $0.81/100ml",International Foods,20309646002_EA
Salsa - Medium 645ml,$5.99 ,$5.99 ,"645 ml, $0.93/100ml",International Foods,20027100001_EA
Sesame Oil,$5.99 ,$6.49 ,"150 ml, $3.99/100ml",International Foods,/p/20792904_EA
General Tao Stir Fry Sauce,$1.99 ,$2.29 ,"140 ml, $1.42/100ml",International Foods,20708549003_EA
Penang Curry Cooking Sauce Kit 3 Step,$4.99 ,$5.49 ,"271 g, $1.84/100g",International Foods,/p/21006303_EA
Tandoori Cooking Sauce,$5.49 ,$5.49 ,"400 ml, $1.37/100ml",International Foods,/p/20902698_EA
Thai Red Curry Cooking Sauce Kit 3 Step,$4.99 ,$5.49 ,"253 g, $1.97/100g",International Foods,/p/21006291_EA
Tikka Masala Curry Paste,$6.49 ,$6.49 ,"284 ml, $2.29/100ml",International Foods,/p/21105338_EA
Stir-Fry Sauce -  Orange Ginger,$3.47 ,$3.47 ,"355 ml, $0.98/100ml",International Foods,20308726003_EA
Instant Noodle Soup Chicken Vegetable Flavour,$0.39 ,$0.39 ,"85 g, $0.46/100g",International Foods,/p/20305832_EA
Stir-Fry Sauce - General Tao's,$3.47 ,$3.47 ,"355 ml, $0.98/100ml",International Foods,20308726005_EA
Simmering Sauce - Red Curry,$3.47 ,$3.47 ,"341 ml, $1.02/100ml",International Foods,20322926003_EA
Marinade - Sweet & Sour Sauce,$3.47 ,$3.47 ,"341 ml, $1.02/100ml",International Foods,20309693004_EA
Mild Garlic Rib Sauce ,$2.49 ,$2.49 ,"350 ml, $0.71/100ml",International Foods,20323473002_EA
Butter Chickpeas Ready to Eat,$4.49 ,$4.49 ,285 ml,International Foods,/p/21220532_EA
Panang Thaï Curry Cooking Sauce,$5.79 ,$5.79 ,"400 ml, $1.45/100ml",International Foods,/p/21047947_EA
"Salsa, Medium",$3.99 ,$3.99 ,"453 g, $0.88/100g",International Foods,20322953002_EA
Biryani Sauce,$6.99 ,$6.99 ,"350 g, $2.00/100g",International Foods,/p/21528538_EA
Diced Chipotle Peppers,$4.49 ,$4.49 ,"230 g, $1.95/100g",International Foods,/p/21365899_EA
Mole ,$3.99 ,$3.99 ,"255 g, $1.56/100g",International Foods,/p/21364453_EA
"Sauce, Achar Gosht",$6.99 ,$6.99 ,"350 g, $2.00/100g",International Foods,/p/21528531_EA
Homestyle Mexican Sauce,$4.29 ,$4.29 ,"455 ml, $0.94/100ml",International Foods,20318656002_EA
Pickled Jalapeño Nacho Slices ,$2.99 ,$2.99 ,"477 ml, $0.68/100g",International Foods,/p/21365904_EA
Crispy Vegetable Spring Rolls ,$4.99 ,$4.99 ,"340 g, $1.47/100g",International Foods,/p/21114397_EA
Whole Grain Whole Wheat Large Tortillas,$3.49 ,$3.49 ,"334 g, $1.04/100g",International Foods,/p/20585467_EA
Orginial Salsa,$5.99 ,$5.99 ,"430 ml, $1.39/100ml",International Foods,/p/20415962_EA
Steamed Noodles ,$2.88 ,$3.49 ,"454 g, $0.63/100g",International Foods,/p/20167867_EA
Extra Chunky Medium Salsa,$11.99 ,$11.99 ,"1.85 l, $0.65/100ml",International Foods,20146948003_EA
Smart Fiesta Tortillas ,$3.79 ,$3.79 ,"311 g, $1.22/100g",International Foods,20314171003_EA
"Taco Seasoning, Smart Fiesta Flavoured",$6.49 ,$6.49 ,"177 g, $3.67/100g",International Foods,/p/21521992_EA
Ginger Garlic Saute Kit,$6.99 ,$6.99 ,"0.709 kg, $0.99/100g",International Foods,/p/21208221_EA
Extra Chunky Hot Salsa,$5.29 ,$5.29 ,"650 ml, $0.81/100ml",International Foods,20309646008_EA
Onion Flavoured Dip,$5.49 ,$5.49 ,"425 g, $1.29/100g",International Foods,20323883001_EA
"Steamed Noodles, Thick ",$2.88 ,$3.49 ,"454 g, $0.63/100g",International Foods,/p/20187204_EA
Steamed Noodles ,$2.88 ,$3.49 ,"454 g, $0.63/100g",International Foods,/p/20167867_EA
Vindaloo Curry Paste,$6.49 ,$6.49 ,"284 ml, $2.29/100ml",International Foods,20307057003_EA
Stir-Fry Sauce -  Pad Thai,$3.47 ,$3.47 ,"355 ml, $0.98/100ml",International Foods,20322926001_EA
Thai Red Curry Paste,$4.49 ,$4.99 ,"270 ml, $1.66/100ml",International Foods,/p/20712986_EA
Onion Flavoured Dip,$5.49 ,$5.49 ,"425 g, $1.29/100g",International Foods,20323883001_EA
Tortilla Bowl Kit,$4.49 ,$4.49 ,"309 g, $1.45/100g",International Foods,/p/21049547_EA
Dip - Spinach 432g,$5.99 ,$5.99 ,"432 g, $1.39/100g",International Foods,20125110002_EA
Soft Taco Kit,$3.99 ,$3.99 ,"427 g, $0.93/100g",International Foods,20295845001_EA
Tacos For 2 – Hard Taco Kit,$4.29 ,$4.29 ,"94 g, $4.56/100g",International Foods,/p/21342866_EA
Smart Fiesta Tortillas ,$3.79 ,$3.79 ,"311 g, $1.22/100g",International Foods,20314171003_EA
Neoguri Noodles With Soup Mix Spicy Seafood Flavour,$1.49 ,$1.49 ,"120 g, $1.24/100g",International Foods,/p/21503961_EA
Marinade - Medium Garlic,$3.47 ,$3.47 ,"341 ml, $1.02/100ml",International Foods,20309693001_EA
Tikka Masala Cooking Sauce Kit 3 Step,$5.49 ,$5.49 ,"313 g, $1.75/100g",International Foods,/p/21006264_EA
Hoisin Sauce,$3.99 ,$4.29 ,"200 ml, $2.00/100ml",International Foods,/p/20713006_EA
Korma Chickpea Ready to Eat,$4.49 ,$4.49 ,"285 ml, $1.58/100ml",International Foods,/p/21220542_EA
Butter Chicken Cooking Sauce for 2,$3.49 ,$3.49 ,"200 ml, $1.75/100ml",International Foods,/p/20770660_EA
Mild Curry Paste,$6.49 ,$6.49 ,"284 ml, $2.29/100ml",International Foods,20307057001_EA
Green Curry Cooking Sauce Kit 3 Step,$4.99 ,$5.49 ,"253 g, $1.97/100g",International Foods,/p/21085321_EA
Beef Flavour Instant Noodle Soup,$0.39 ,$0.39 ,"85 g, $0.46/100g",International Foods,20301274002_EA
Teriyaki Sauce,$2.49 ,$2.49 ,"350 ml, $0.71/100ml",International Foods,/p/20304017_EA
Pasanda Cooking Sauce,$5.49 ,$5.49 ,"400 ml, $1.37/100ml",International Foods,/p/20983769_EA
Pad Thai Cooking Kit 3 Step,$4.99 ,$5.49 ,"220 g, $2.27/100g",International Foods,/p/21005962_EA
Korma Cooking Sauce,$5.79 ,$5.79 ,"400 ml, $1.45/100ml",International Foods,20298369002_EA
Tikka Masala Cooking Sauce,$5.79 ,$5.79 ,"400 ml, $1.45/100ml",International Foods,20298369003_EA
Light Butter Chicken Cooking Sauce,$5.49 ,$5.49 ,"400 ml, $1.37/100ml",International Foods,/p/20810182_EA
Hot Curry Paste,$6.49 ,$6.49 ,"284 ml, $2.29/100ml",International Foods,20307057002_EA
"Taco Seasoning, Smart Fiesta Flavoured",$6.49 ,$6.49 ,"177 g, $3.67/100g",International Foods,/p/21521992_EA
Ginger Garlic Saute Kit,$6.99 ,$6.99 ,"0.709 kg, $0.99/100g",International Foods,/p/21208221_EA
Extra Chunky Hot Salsa,$5.29 ,$5.29 ,"650 ml, $0.81/100ml",International Foods,20309646008_EA
Korean Kimchi,$11.99 ,$11.99 ,"500 ml, $2.40/100ml",International Foods,/p/20944605_EA
Chipotle Peppers in Adobo Sauce,$3.49 ,$3.49 ,"186 ml, $1.88/100ml",International Foods,/p/20318080_EA
Green Pickled Sliced Jalapeno Peppers,$3.49 ,$3.49 ,"330 ml, $1.06/100ml",International Foods,/p/20084760_EA
"Shanghai Noodles, Thin ",$2.88 ,$3.49 ,"454 g, $0.63/100g",International Foods,/p/20057489_EA
Dip Spicy Nacho 283g,$5.99 ,$5.99 ,"283 g, $2.12/100g",International Foods,/p/21451878_EA
Original Refried Pinto Beans,$4.29 ,$4.29 ,"398 ml, $1.08/100ml",International Foods,20605363002_EA
Hot Salsa ,$4.69 ,$4.69 ,"430 ml, $1.09/100ml",International Foods,20323181003_EA
Al Pastor Taco Seasoning Mix,$0.99 ,$0.99 ,"24 g, $4.12/100g",International Foods,/p/21397587_EA
Wonton Wrappers ,$4.29 ,$4.29 ,"454 g, $0.94/100g",International Foods,/p/20071583_EA
"Noodles, Miso Udon ",$1.69 ,$1.69 ,"200 g, $0.85/100g",International Foods,/p/20015037_EA
Chunky Salsa Medium,$5.99 ,$5.99 ,"642 ml, $0.93/100ml",International Foods,/p/21345622_EA
Quesadilla Seasoning,$1.69 ,$1.69 ,"24 g, $7.04/100g",International Foods,/p/21364283_EA
Extra Chunky Hot Salsa,$11.99 ,$11.99 ,"2 l, $0.65/100ml",International Foods,20146948002_EA
"Smart Fiesta Dinner Kit, Soft Taco Bake",$4.49 ,$4.49 ,"312 g, $1.44/100g",International Foods,20250477002_EA
Smoky Chipotle Salsa,$5.99 ,$5.99 ,"430 ml, $1.39/100ml",International Foods,/p/20414996_EA
"Taco Seasoning, Hot N Spicy",$1.69 ,$1.69 ,"24 g, $7.04/100g",International Foods,/p/21049548_EA
Pineapple Sauce,$2.49 ,$2.49 ,"350 ml, $0.71/100ml",International Foods,/p/20010496_EA
Simmering Sauce - Mango Curry,$3.47 ,$3.47 ,"341 ml, $1.02/100ml",International Foods,20300643003_EA
Tandoori Curry Paste,$6.49 ,$6.49 ,"284 ml, $2.29/100ml",International Foods,20307057004_EA
Thai Green Curry Paste,$4.49 ,$4.99 ,"270 ml, $1.66/100ml",International Foods,/p/20770689_EA
"Ramen, Roasted Chicken Flavour",$2.19 ,$2.19 ,"85 g, $2.58/100g",International Foods,/p/21525732_EA
General Tao Stir-Fry Sauce,$2.99 ,$2.99 ,"350 ml, $0.85/100ml",International Foods,20308422001_EA
Korma Curry Paste,$6.49 ,$6.49 ,"284 ml, $2.29/100ml",International Foods,/p/21105391_EA
"Smart Fiesta Dinner Kit, Soft Taco Bake",$4.49 ,$4.49 ,"312 g, $1.44/100g",International Foods,20250477002_EA
Mild Salsa,$10.99 ,$10.99 ,"1.89 l, $0.58/100ml",International Foods,20013427002_EA
Shanghai Noodles ,$2.88 ,$3.49 ,"454 g, $0.63/100g",International Foods,/p/20310388_EA
Fajita Seasoning Mix ,$0.99 ,$0.99 ,"24 g, $4.12/100g",International Foods,/p/21311238_EA
Smart Fiesta Burrito Dinner Kit,$4.49 ,$4.49 ,"510 g, $0.88/100g",International Foods,20250477004_EA
Medium Salsa,$3.99 ,$3.99 ,"430 ml, $0.93/100ml",International Foods,20088698001_EA
Pineapple Sauce,$2.49 ,$2.49 ,"350 ml, $0.71/100ml",International Foods,/p/20010496_EA
Smoky Chipotle Salsa,$5.99 ,$5.99 ,"430 ml, $1.39/100ml",International Foods,/p/20414996_EA
Quesadilla Seasoning,$1.69 ,$1.69 ,"24 g, $7.04/100g",International Foods,/p/21364283_EA
"Noodles, Miso Udon ",$1.69 ,$1.69 ,"200 g, $0.85/100g",International Foods,/p/20015037_EA
Chunky Salsa Medium,$5.99 ,$5.99 ,"642 ml, $0.93/100ml",International Foods,/p/21345622_EA
Hot Salsa ,$4.69 ,$4.69 ,"430 ml, $1.09/100ml",International Foods,20323181003_EA
Extra Chunky Hot Salsa,$11.99 ,$11.99 ,"2 l, $0.65/100ml",International Foods,20146948002_EA
Green Mexican Sauce,$4.29 ,$4.29 ,"455 ml, $0.94/100ml",International Foods,20318656001_EA
Egg Roll Wraps ,$3.29 ,$3.29 ,"454 g, $0.72/100g",International Foods,/p/20046006_EA
Refried Pinto Beans,$3.29 ,$3.29 ,"546 ml, $0.60/100ml",International Foods,20054076001_EA
Ranchera Sauce,$4.29 ,$4.29 ,"455 ml, $0.94/100ml",International Foods,20318656003_EA
Salsa Con Queso 628ml,$6.49 ,$6.49 ,"628 ml, $1.03/100ml",International Foods,/p/21003213_EA
Salsa - Mango 416ml,$4.99 ,$4.99 ,"416 g, $1.20/100g",International Foods,/p/20921878_EA
"Thick n' Chunky Salsa, Hot",$4.79 ,$4.79 ,"650 ml, $0.74/100ml",International Foods,20305182005_EA
Steamed Noodles ,$4.99 ,$4.99 ,"908 g, $0.55/100g",International Foods,/p/20034978_EA
"Ichiban Japanese Style Noodles, Hot & Spicy",$1.00 ,$1.00 ,"100 g, $1.00/100g",International Foods,/p/20552180_EA
Extra Chunky Mild Salsa,$11.99 ,$11.99 ,"1.85 l, $0.65/100ml",International Foods,20146948001_EA
Tortilla Pockets 8 count,$3.99 ,$3.99 ,"238 g, $1.68/100g",International Foods,/p/21472853_EA
Kimchi,$5.79 ,$5.79 ,"400 g, $1.45/100g",International Foods,/p/21394053_EA
Mole Verde Simmer Sauce,$2.99 ,$2.99 ,"236 ml, $1.27/100ml",International Foods,/p/21398019_EA
Udon Noodles ,$1.69 ,$1.69 ,"200 g, $0.85/100g",International Foods,/p/20126343_EA
Neoguri Ramyun Noodles With Soup Mix Spicy Seafood Flavour,$5.49 ,$5.49 ,"480 g, $1.14/100g",International Foods,/p/21503856_EA
Chorizo Taco Seasoning Mix,$0.99 ,$0.99 ,"24 g, $4.12/100g",International Foods,/p/21397741_EA
Salsa - Hot 418ml,$4.99 ,$4.99 ,"418 ml, $1.19/100ml",International Foods,/p/20673817_EA
Butter Chicken Cooking Sauce,$5.79 ,$5.79 ,"400 ml, $1.45/100ml",International Foods,20298369001_EA
Thaï Yellow Curry Cooking Sauce,$4.49 ,$4.49 ,"400 ml, $1.12/100ml",International Foods,20299337002_EA
Spicy Butter Chicken Cooking Sauce,$5.49 ,$5.49 ,"400 ml, $1.37/100ml",International Foods,/p/20675802_EA
Soy Sauce,$4.59 ,$4.59 ,"591 ml, $0.78/100ml",International Foods,/p/21158342_EA
Plum Sauce Club Size,$5.49 ,$5.49 ,"750 ml, $0.73/100ml",International Foods,/p/20124925_EA
Vindaloo Cooking Sauce,$5.49 ,$5.49 ,"400 ml, $1.37/100ml",International Foods,20217180003_EA
Korma Cooking Sauce,$5.49 ,$5.49 ,"400 ml, $1.37/100ml",International Foods,20306818002_EA
Simmering Sauce - Butter Chicken,$3.47 ,$3.47 ,"341 ml, $1.02/100ml",International Foods,20300643001_EA
Jalapeño Flavoured Dip,$5.49 ,$5.49 ,"425 g, $1.29/100g",International Foods,/p/21450597_EA
Marinade - Mild Garlic Sauce,$3.47 ,$3.47 ,"341 ml, $1.02/100ml",International Foods,20309693003_EA
Chili Seasoning Mix,$1.69 ,$1.69 ,"24 g, $7.04/100g",International Foods,/p/21049549_EA
Shrimp Flavour Instant Noodle Soup,$0.39 ,$0.39 ,"85 g, $0.46/100g",International Foods,/p/20040005_EA
Butter Chicken Curry Paste,$6.49 ,$6.49 ,"284 ml, $2.29/100ml",International Foods,20298459001_EA
Premium Fish Sauce,$3.99 ,$3.99 ,"200 ml, $2.00/100ml",International Foods,/p/20066360_EA
Lentil Tikka Masala Ready to Eat,$4.49 ,$4.49 ,"285 ml, $1.58/100ml",International Foods,/p/21220533_EA
Fish Sauce,$2.99 ,$3.29 ,"150 ml, $1.99/100ml",International Foods,/p/20983840_EA
Plum Sauce,$3.29 ,$3.29 ,"350 ml, $0.94/100ml",International Foods,20303504001_EA
Shrimp Flavour Instant Noodle Soup,$0.39 ,$0.39 ,"85 g, $0.46/100g",International Foods,/p/20040005_EA
Simmering Sauce - Butter Chicken,$3.47 ,$3.47 ,"341 ml, $1.02/100ml",International Foods,20300643001_EA
Honey Sriracha Hot,$3.47 ,$3.47 ,"341 ml, $1.02/100ml",International Foods,/p/21127167_EA
Ramen Braised Beef Flavour,$2.19 ,$2.19 ,"85 g, $2.58/100g",International Foods,/p/21525733_EA
Chipotle Pepper Sauce,$1.69 ,$1.69 ,"200 ml, $0.77/100ml",International Foods,/p/20823424_EA
Dumpling Wrappers ,$4.29 ,$4.29 ,"454 g, $0.94/100g",International Foods,/p/20511967_EA
Extra Chunky Medium Salsa,$4.69 ,$4.69 ,"430 ml, $1.09/100ml",International Foods,20431884001_EA
"Pickled, Sliced Jalapeños",$3.79 ,$3.79 ,"250 ml, $1.52/100ml",International Foods,/p/20108298_EA
Refried Pinto Beans ,$2.99 ,$2.99 ,"398 ml, $0.75/100ml",International Foods,20303890001_EA
Ranch  Blasted Stand N' Stufftm Taco Shells,$4.29 ,$4.29 ,"153 g, $2.80/100g",International Foods,/p/20897621_EA
Medium Taco Sauce,$3.99 ,$3.99 ,"243 ml, $1.64/100ml",International Foods,/p/21419791_EA
Dip Cool Ranch Jalapeno 283g,$5.99 ,$5.99 ,"283 g, $2.12/100g",International Foods,/p/21451882_EA
Hot Taco Seasoning Mix,$0.99 ,$0.99 ,"24 g, $4.12/100g",International Foods,/p/21311200_EA
Chicken Gyoza Dumplings ,$4.99 ,$4.99 ,"240 g, $2.08/100g",International Foods,/p/20506965_EA
Fajita Dinner Kit    ,$4.49 ,$4.49 ,"400 g, $1.12/100g",International Foods,/p/20795300_EA
Mexican Style Rice,$3.49 ,$3.49 ,"250 g, $1.40/100g",International Foods,/p/21401191_EA
"Instant Noodles, Chicken",$5.49 ,$5.49 ,"12x85.0 g, $0.54/100g",International Foods,20147525001_EA
Mango Chutney,$4.29 ,$4.29 ,"250 ml, $1.72/100ml",International Foods,/p/20077630_EA
Red Curry Paste,$4.99 ,$4.99 ,"112 g, $4.46/100g",International Foods,20003373001_EA
Noodles With Soup Mix Kimchi Flavour,$1.49 ,$1.49 ,"120 g, $1.24/100g",International Foods,/p/21504375_EA
Sweet Mango Chutney,$5.79 ,$5.79 ,"250 ml, $2.32/100ml",International Foods,20217524001_EA
Sweet and Sour Sauce,$2.49 ,$2.49 ,"350 ml, $0.71/100ml",International Foods,/p/20297276_EA
Pad Thaï Cooking Sauce,$5.79 ,$5.79 ,"400 ml, $1.45/100ml",International Foods,20325428003_EA
Butter Chicken Cooking Sauce,$5.79 ,$5.79 ,"400 ml, $1.45/100ml",International Foods,20325428001_EA
"Instant Noodles, Beef",$5.49 ,$5.49 ,"12x85.0 g, $0.54/100g",International Foods,20147525002_EA
Thaï Green Curry Cooking Sauce,$4.49 ,$4.49 ,"400 ml, $1.12/100ml",International Foods,20299337001_EA
Honey Hoisin Stir-Fry Sauce,$2.99 ,$2.99 ,"350 ml, $0.85/100ml",International Foods,20308422002_EA
Green Mexican Sauce,$1.99 ,$1.99 ,"215 ml, $0.93/100ml",International Foods,/p/20041769_EA
Taquera Sauce,$4.29 ,$4.29 ,"455 ml, $0.94/100ml",International Foods,20318656004_EA
"Salsa, Thick Chunky Medium",$5.99 ,$5.99 ,"642 ml, $0.93/100ml",International Foods,20307531001_EA
Refried Pinto Beans With Green Chilies,$2.99 ,$2.99 ,"398 ml, $0.75/100ml",International Foods,20303890002_EA
Tikka Masala Cooking Sauce,$5.49 ,$5.49 ,"400 ml, $1.37/100ml",International Foods,20306818001_EA
Thaï Mango Curry Cooking Sauce,$4.49 ,$4.49 ,"400 ml, $1.12/100ml",International Foods,/p/20295811_EA
Egg Roll Wrappers ,$4.29 ,$4.29 ,"454 g, $0.94/100g",International Foods,/p/20092860_EA
"Salsa, Thick Chunky Mild",$5.99 ,$5.99 ,"642 ml, $0.93/100ml",International Foods,20307531002_EA
"Taco Seasoning Mix, Value Size",$6.49 ,$6.49 ,"177 g, $3.67/100g",International Foods,/p/21164502_EA
Whole Grain Whole Wheat Medium Tortillas,$3.49 ,$3.49 ,"297 g, $1.18/100g",International Foods,/p/20585463_EA
Peach and Mango Salsa,$5.99 ,$5.99 ,"430 ml, $1.39/100ml",International Foods,/p/20416427_EA
Fajita Kit,$3.99 ,$3.99 ,"427 g, $0.93/100g",International Foods,20295845002_EA
"Soft Tortillas Medium, 12 Tortillas",$3.79 ,$3.79 ,"297 g, $1.28/100g",International Foods,20314171002_EA
Salsa - Roasted Red Pepper 423ml,$4.99 ,$4.99 ,"423 ml, $1.18/100ml",International Foods,/p/20779190_EA
Guacamole Mix,$2.79 ,$2.79 ,"215 ml, $1.30/100ml",International Foods,/p/21369938_EA
Rice Noodles ,$4.29 ,$4.29 ,"908 g, $0.47/100g",International Foods,/p/20127642_EA
Refried Beans With Mild Green Chilies,$3.79 ,$3.79 ,"398 ml, $0.95/100ml",International Foods,20063108002_EA
"Dipping Sauce, Sweet Thai Chili",$3.47 ,$3.47 ,"341 ml, $1.02/100ml",International Foods,20322926004_EA
Spicy Thai Chili,$3.47 ,$3.47 ,"341 ml, $1.02/100ml",International Foods,20322926002_EA
Pad Thaï Cooking Sauce,$4.49 ,$4.49 ,"400 ml, $1.12/100ml",International Foods,/p/20075022_EA
Sweet & Sour Stir Fry Sauce,$1.99 ,$2.29 ,"140 ml, $1.42/100ml",International Foods,20591677003_EA
Tikka Masala Cooking Sauce for 2,$3.49 ,$3.49 ,"200 ml, $1.75/100ml",International Foods,/p/20770706_EA
Stir-Fry Sauce - Szechwan,$3.47 ,$3.47 ,"355 ml, $0.98/100ml",International Foods,20308726007_EA
Cherry Dipping Sauce,$3.47 ,$3.47 ,"341 ml, $1.02/100ml",International Foods,/p/20984003_EA
Sauce Pad Thai,$4.49 ,$4.99 ,"270 ml, $1.66/100ml",International Foods,/p/21217590_EA
Pineapple Jerk Medium,$3.47 ,$3.47 ,"341 ml, $1.02/100ml",International Foods,/p/21127165_EA
Madras Curry Paste,$6.49 ,$6.49 ,"284 ml, $2.29/100ml",International Foods,20307057007_EA
Extra Chunky Mild Salsa,$5.29 ,$5.29 ,"650 ml, $0.81/100ml",International Foods,20309646007_EA
Tacos For 2 - Soft Taco Kit,$4.29 ,$4.29 ,"155 g, $2.77/100g",International Foods,/p/21342552_EA
Pickled and Sliced Jalapeno Peppers,$3.49 ,$3.49 ,"250 ml, $1.40/100ml",International Foods,/p/20605503_EA
Mango & Lime Medium Salsa,$4.69 ,$4.69 ,"430 ml, $1.09/100ml",International Foods,/p/20300888_EA
Tortilla Pockets Kit,$4.49 ,$4.49 ,"351 g, $1.28/100g",International Foods,/p/21472859_EA
Taco Sauce,$2.49 ,$2.49 ,"215 ml, $1.16/100ml",International Foods,/p/21204181_EA
Red Enchilada Sauce,$2.79 ,$2.79 ,"215 ml, $1.30/100ml",International Foods,/p/21369909_EA
Butter Chicken Cooking Sauce,$5.49 ,$5.49 ,"400 ml, $1.37/100ml",International Foods,20217180002_EA
Korean Taco Kit,$3.99 ,$3.99 ,"421 g, $0.95/100g",International Foods,/p/21432699_EA
Scented Jasmine Rice ,$25.99 ,$25.99 ,"8 kg, $0.32/100g",Rice & Grain,/p/20121871_EA
Thai Hom Mali Scented Jasmine Rice,$6.49 ,$6.49 ,"2 kg, $0.32/100g",Rice & Grain,/p/20144395_EA
Sushi Nori Roasted Seaweed Sheets,$3.99 ,$3.99 ,"27 g, $14.78/100g",Rice & Grain,/p/20703060_EA
Calrose Rice     ,$25.99 ,$28.99 ,"8 kg, $0.32/100g",Rice & Grain,/p/20428552_EA
Thai Hom Mali Brown Jasmine Rice,$6.49 ,$6.49 ,"2 kg, $0.32/100g",Rice & Grain,/p/20033765_EA
Medium Grain Sushi Rice ,$7.99 ,$7.99 ,"2.27 kg, $0.35/100g",Rice & Grain,/p/21342684_EA
Thai Jasmine Rice,$19.99 ,$19.99 ,"8 kg, $0.25/100g",Rice & Grain,/p/21496274_EA
Scented Jasmine Rice ,$48.99 ,$48.99 ,"18.1 kg, $0.27/100g",Rice & Grain,/p/20157222_EA
Thai Sweet Rice,$5.49 ,$5.49 ,"2 kg, $0.27/100g",Rice & Grain,/p/20102054_EA
Extra Fancy Long Grain Rice,$16.99 ,$16.99 ,"8 kg, $0.21/100g",Rice & Grain,/p/20379211_EA
Calrose Rice ,$20.99 ,$22.99 ,"6.8 kg, $0.31/100g",Rice & Grain,/p/20218689_EA
Premium Rice,$13.99 ,$13.99 ,"2.26 kg, $0.62/100g",Rice & Grain,/p/21415930_EA
Golden Phoenix Thai Jasmine Rice,$19.99 ,$22.99 ,"8 kg, $0.24/100g",Rice & Grain,/p/20379961_EA
Rice Fragrant,$23.99 ,$26.99 ,"7 kg, $0.34/100g",Rice & Grain,p/21206686_C01
Thai Sweet Rice,$14.99 ,$14.99 ,"4.54 kg, $0.33/100g",Rice & Grain,/p/20088208_EA
Thai Jasmine Rice,$21.99 ,$21.99 ,"8.2 kg, $0.27/100g",Rice & Grain,/p/20705590_EA
Black Glutinous Rice,$7.99 ,$7.99 ,"2 kg, $0.40/100g",Rice & Grain,/p/21190836_EA
Thai Hom Mali Brown Jasmine Rice,$11.49 ,$12.99 ,"4.54 kg, $0.25/100g",Rice & Grain,/p/21290266_EA
Rice,$9.99 ,$10.49 ,"2 kg, $0.50/100g",Rice & Grain,/p/21449907_EA
Calrose Rice,$22.99 ,$24.99 ,"6.8 kg, $0.34/100g",Rice & Grain,/p/20570505_EA
Brown Calrose Rice,$9.99 ,$9.99 ,"2.26 kg, $0.44/100g",Rice & Grain,/p/20021964_EA
Jasmine White Scented Rice,$29.99 ,$29.99 ,"8 kg, $0.37/100g",Rice & Grain,/p/21433099_EA
"Sushi Nori, Roasted Seaweed  ",$4.99 ,$4.99 ,"54 g, $9.24/100g",Rice & Grain,/p/20915863_EA
Medium Grain Calrose Brown Rice,$24.99 ,$24.99 ,"8 kg, $0.31/100g",Rice & Grain,/p/20827319_EA
Dried Shiitake Mushrooms,$16.99 ,$16.99 ,"454 g, $3.74/100g",Rice & Grain,/p/20680344_EA
Thai Jasmine Rice,$22.49 ,$22.49 ,"8 kg, $0.28/100g",Rice & Grain,/p/20710232_EA
Premium Calrose Rice,$41.99 ,$44.99 ,"10 kg, $0.42/100g",Rice & Grain,/p/20131231_EA
Red Cargo Rice,$6.99 ,$8.49 ,"2 kg, $0.35/100g",Rice & Grain,/p/20415722_EA
Rice Calrose 4 kg,$16.99 ,$16.99 ,"4 kg, $0.42/100g",Rice & Grain,/p/21359814_EA
Organic Jasmine Rice,$9.99 ,$9.99 ,"2 kg, $0.50/100g",Rice & Grain,/p/21300797_EA
"Golden Phoenix, Thai Jasmine Rice",$7.49 ,$9.49 ,"2.27 kg, $0.33/100g",Rice & Grain,/p/20841904_EA
Two Dragons Jasmine Rice,$17.99 ,$17.99 ,"8 kg, $0.22/100g",Rice & Grain,/p/20864858_EA
Thai Jasmine Rice,$29.99 ,$34.99 ,"18.1 kg, $0.17/100g",Rice & Grain,/p/21163436_EA
Asian Dragon Sweet Rice,$9.99 ,$9.99 ,"2 kg, $0.44/100g",Rice & Grain,/p/20182502_EA
Organic Mixed Thai Rice,$12.49 ,$12.49 ,"2 kg, $0.62/100g",Rice & Grain,/p/21300686_EA
Brown Rice,$10.99 ,$10.99 ,"2 kg, $0.55/100g",Rice & Grain,/p/20037468_EA
California Brown Rice,$5.49 ,$6.99 ,"907 g, $0.61/100g",Rice & Grain,/p/21447882_EA
Medium Grain Calrose Rice,$47.99 ,$47.99 ,"18 kg, $0.27/100g",Rice & Grain,/p/20827316_EA
Millet,$8.99 ,$8.99 ,"2 kg, $0.45/100g",Rice & Grain,/p/21047837_EA
"Calrose Rice, Premium Sushi Rice  ",$59.99 ,$59.99 ,"18.1 kg, $0.33/100g",Rice & Grain,/p/20595327_EA
Brown Rice,$23.99 ,$23.99 ,"6.8 kg, $0.35/100g",Rice & Grain,/p/20707819_EA
Brown Rice,$9.99 ,$9.99 ,"2 kg, $0.50/100g",Rice & Grain,/p/20873903_EA
Glutinous Rice,$15.99 ,$17.99 ,"5 kg, $0.32/100g",Rice & Grain,/p/20828958_EA
Thai Jasmine Rice,$45.99 ,$45.99 ,"18.1 kg, $0.25/100g",Rice & Grain,/p/20705589_EA
Two Dragons Jasmine Rice,$38.99 ,$38.99 ,"18.1 kg, $0.22/100g",Rice & Grain,/p/20977808_EA
Instant Noodles,$1.50 ,$1.50 ,"400 g, $0.38/100g",Noodles & Noodle Soup,/p/20096297_EA
Udon Noodles,$3.49 ,$3.49 ,"800 g, $0.44/100g",Noodles & Noodle Soup,/p/20354811_EA
Vermicelli Longkou Pancit Sotanghon,$1.99 ,$2.29 ,"8x50.0 g, $0.50/100g",Noodles & Noodle Soup,/p/21295298_EA
Instant Mi Goreng Fried Noodles,$2.88 ,$3.49 ,"5x85.0 g, $0.68/100g",Noodles & Noodle Soup,/p/20686719_EA
Kongmoon Rice Stick Vermicelli,$1.79 ,$1.99 ,"400 g, $0.45/100g",Noodles & Noodle Soup,/p/20967204_EA
Rice Vermicelli Noodles,$1.99 ,$2.59 ,"225 g, $0.88/100g",Noodles & Noodle Soup,/p/20659463_EA
"Shin Brand Cup Noodle, Oolongmen Shin",$1.28 ,$1.59 ,"75 g, $1.71/100g",Noodles & Noodle Soup,20032441005_EA
Shin Noodles With Soup Mix Gourmet Spicy,$1.49 ,$1.49 ,"120 g, $1.24/100g",Noodles & Noodle Soup,/p/21504277_EA
"Demae Ramen, Beef Flavour",$0.79 ,$0.79 ,"100 g, $0.79/100g",Noodles & Noodle Soup,20145643002_EA
Rice Paper,$2.49 ,$2.69 ,"400 g, $0.62/100g",Noodles & Noodle Soup,/p/20435687_EA
Hot Chicken Flavor Ramen Stir-Fried Noodle,$6.99 ,$8.69 ,"5x140.0 g, $1.00/100g",Noodles & Noodle Soup,p/21345870_C05
"Oriental Style Instant Noodles, Chicken",$0.49 ,$0.75 ,"55 g, $0.89/100g",Noodles & Noodle Soup,/p/20214618_EA
"Bouillon Cubes, Chicken",$2.29 ,$2.49 ,"63 g, $3.63/100g",Noodles & Noodle Soup,/p/20935924_EA
Chicken Bouillon,$8.88 ,$10.99 ,"1 kg, $0.89/100g",Noodles & Noodle Soup,/p/20154074_EA
"Bowl Noodle, Hot & Spicy",$1.49 ,$1.49 ,"86 g, $1.73/100g",Noodles & Noodle Soup,20087422003_EA
Pho Noodles,$0.99 ,$1.29 ,"70 g, $1.41/100g",Noodles & Noodle Soup,/p/21375744_EA
"Oriental Style Instant Noodles, Pork",$0.49 ,$0.75 ,"60 g, $0.82/100g",Noodles & Noodle Soup,/p/20099117_EA
Demae Ramen Instant Noodles With Sesame Oil,$0.79 ,$0.79 ,"100 g, $0.79/100g",Noodles & Noodle Soup,20145643001_EA
Thin Rice Noodles,$1.29 ,$1.49 ,"250 g, $0.52/100g",Noodles & Noodle Soup,/p/21347079_EA
Thick Rice Noodles,$1.29 ,$1.49 ,"250 g, $0.52/100g",Noodles & Noodle Soup,/p/21347087_EA
Chicken Broth,$2.79 ,$2.89 ,"150 g, $1.86/100g",Noodles & Noodle Soup,20323241002_EA
"Rice Stick, Medium",$2.49 ,$2.49 ,"454 g, $0.55/100g",Noodles & Noodle Soup,20343466001_EA
"Oriental Style Instant Noodles, Shrimp",$0.49 ,$0.75 ,"60 g, $0.82/100g",Noodles & Noodle Soup,/p/20317814_EA
Chicken Flavoured Ramen,$0.99 ,$1.29 ,"70 g, $1.41/100g",Noodles & Noodle Soup,/p/21375762_EA
Thin Egg Noodles,$2.99 ,$3.49 ,"454 g, $0.66/100g",Noodles & Noodle Soup,/p/21347114_EA
"Cup Noodle, Oolongmen Chicken",$1.28 ,$1.59 ,"75 g, $1.71/100g",Noodles & Noodle Soup,20032441001_EA
Stir-Fried Noodle Hot Chicken Flavor Ramen,$6.99 ,$8.99 ,"650 g, $1.08/100g",Noodles & Noodle Soup,/p/21450283_EA
"Demae Ramen Instant Noodle Soup, Chicken Flavour",$0.79 ,$0.79 ,"100 g, $0.79/100g",Noodles & Noodle Soup,20145643003_EA
3-Minute Wide Ramen Noodles,$4.29 ,$4.29 ,"504 g, $0.85/100g",Noodles & Noodle Soup,/p/21447366_EA
Shin Brand Shin Big Bowl,$2.19 ,$2.19 ,"114 g, $1.92/100g",Noodles & Noodle Soup,20139898001_EA
Chinese Style Chow Mein Noodles,$2.99 ,$2.99 ,"397 g, $0.75/100g",Noodles & Noodle Soup,/p/21418492_EA
"Cup Noodle, Oolongmen Beef",$1.28 ,$1.59 ,"75 g, $1.71/100g",Noodles & Noodle Soup,20032441002_EA
"Cup Noodle, Oolongmen Seafood",$1.28 ,$1.59 ,"75 g, $1.71/100g",Noodles & Noodle Soup,20032441004_EA
"Bouillon Cubes, Pork",$2.29 ,$2.49 ,"72 g, $3.18/100g",Noodles & Noodle Soup,/p/20936031_EA
Instant Japanese Udon Noodles,$3.49 ,$3.49 ,"800 g, $0.44/100g",Noodles & Noodle Soup,/p/20081709_EA
Buckwheat Soba Noodles ,$1.79 ,$1.99 ,"363 g, $0.49/100g",Noodles & Noodle Soup,/p/20692707_EA
3-Minute Ramen Noodles,$4.29 ,$4.29 ,"504 g, $0.85/100g",Noodles & Noodle Soup,/p/21447367_EA
Thick Egg Noodles,$2.99 ,$3.49 ,"454 g, $0.66/100g",Noodles & Noodle Soup,/p/21347094_EA
"Ramen Noodle Soup, Original",$5.99 ,$6.49 ,"5x120.0 g, $1.00/100g",Noodles & Noodle Soup,p/21358949_C05
"Bowl Noodles, Spicy Chicken",$1.49 ,$1.49 ,"86 g, $1.73/100g",Noodles & Noodle Soup,/p/20142125_EA
"Pasta, Vermicelli Longkou Pancit Sotanghon",$1.69 ,$1.69 ,"250 g, $0.68/100g",Noodles & Noodle Soup,/p/21295389_EA
Rice Vermicelli,$2.49 ,$2.49 ,"454 g, $0.55/100g",Noodles & Noodle Soup,20343466003_EA
Mi Goreng Barbeque Chicken Flavour Instant Noodles,$2.88 ,$3.99 ,"425 g, $0.68/100g",Noodles & Noodle Soup,/p/21246480_EA
Sweet Potato Vermicelli,$1.79 ,$1.79 ,"400 g, $0.45/100g",Noodles & Noodle Soup,/p/21447369_EA
Chinese Style Steam Fried Noodles,$2.99 ,$2.99 ,"397 g, $0.75/100g",Noodles & Noodle Soup,/p/21418473_EA
"Instant Miso Soup, Tofu",$2.29 ,$3.58 ,"29 g, $7.90/100g",Noodles & Noodle Soup,/p/20999104_EA
Hot Chicken Flavor Ramen Curry,$6.99 ,$8.69 ,"700 g, $1.00/100g",Noodles & Noodle Soup,/p/21371842_EA
"Bowl Noodles, Savory Chicken",$1.49 ,$1.49 ,"86 g, $1.73/100g",Noodles & Noodle Soup,20306702001_EA
"Bouillon Cubes, Beef",$2.29 ,$2.49 ,"63 g, $3.63/100g",Noodles & Noodle Soup,/p/20935963_EA
Thin Shrimp Egg Noodles,$1.99 ,$2.29 ,"454 g, $0.44/100g",Noodles & Noodle Soup,/p/21347131_EA
Soup Base For Seafood Hot Pot,$1.29 ,$1.29 ,"40 ml, $3.23/100ml",Noodles & Noodle Soup,/p/21384051_EA
"Hot Pot Seasoning, Sichuan",$2.99 ,$2.99 ,"200 g, $1.50/100g",Noodles & Noodle Soup,/p/20877899_EA
"Bowl Noodle Soup, Spicy Chicken",$1.79 ,$1.99 ,"86 g, $2.08/100g",Noodles & Noodle Soup,20311560002_EA
"Hot Pot Soup Base, Hot",$4.99 ,$4.99 ,"235 g, $2.12/100g",Noodles & Noodle Soup,/p/20702783_EA
"Stir-Fried Noodle Buldak Ramen, Hot Chicken Flavour",$2.29 ,$2.29 ,"70 g, $3.27/100g",Noodles & Noodle Soup,/p/21450287_EA
Hot Pot Soup Base (Plain),$4.99 ,$4.99 ,"130 g, $3.84/100g",Noodles & Noodle Soup,/p/20703003_EA
Noodles With Soup Mix Tempura Udon Flavour,$1.59 ,$1.59 ,"75 g, $2.12/100g",Noodles & Noodle Soup,/p/21444355_EA
"Bowl Noodle Soup, Kimchi Flavour",$1.79 ,$1.99 ,"86 g, $2.08/100g",Noodles & Noodle Soup,20311560001_EA
Liuzhou Rice Vermicelli,$4.29 ,$4.29 ,"268 g, $1.60/100g",Noodles & Noodle Soup,/p/21386734_EA
Jinmailang Wide Noodle,$2.79 ,$3.39 ,"1 kg, $0.28/100g",Noodles & Noodle Soup,/p/21037947_EA
"Instant Pho Noodles Bowl, Beef",$1.39 ,$1.39 ,"70 g, $1.99/100g",Noodles & Noodle Soup,20345184001_EA
Tamarind Soup Base,$0.89 ,$0.99 ,"40 g, $2.23/100g",Noodles & Noodle Soup,/p/20984136_EA
Stir Fry Instant Noodles,$1.49 ,$1.49 ,"400 g, $0.37/100g",Noodles & Noodle Soup,/p/20342275_EA
Medium Dry Noodles,$6.29 ,$6.99 ,"1.81 kg, $0.35/100g",Noodles & Noodle Soup,20692708002_EA
"Egg Noodles, Shrimp",$8.99 ,$8.99 ,"880 g, $1.02/100g",Noodles & Noodle Soup,20689997002_EA
Thick  Shrimp Egg Noodles,$1.99 ,$2.29 ,"454 g, $0.44/100g",Noodles & Noodle Soup,/p/21347127_EA
"Instant Pho Noodles Bowl, Chicken",$1.39 ,$1.39 ,"70 g, $1.99/100g",Noodles & Noodle Soup,20345184002_EA
Bowl Instant Noodles Shrimp Fish Flavor,$1.99 ,$1.99 ,"108 g, $1.84/100g",Noodles & Noodle Soup,20430820003_EA
"Thick Noodles, Scallop",$8.99 ,$8.99 ,"880 g, $1.02/100g",Noodles & Noodle Soup,20689997001_EA
Seasoning Mix Chicken Bouillon Powder,$4.49 ,$4.49 ,"227 g, $1.98/100g",Noodles & Noodle Soup,/p/21311680_EA
Thai Rice Stick Noodles,$2.39 ,$2.39 ,"454 g, $0.53/100g",Noodles & Noodle Soup,/p/20804874_EA
"Instant Miso Soup, Tofu",$4.29 ,$4.49 ,"30 g, $14.30/100g",Noodles & Noodle Soup,20310148002_EA
Noodles Artificial Pork Flavour,$3.49 ,$3.99 ,"300 g, $1.16/100g",Noodles & Noodle Soup,/p/21417407_EA
"Organic Dry Noodle, Thin",$9.99 ,$9.99 ,"1588 g, $0.63/100g",Noodles & Noodle Soup,/p/20733409_EA
Mushroom Flavoured Seasoning,$3.99 ,$4.79 ,"227 g, $1.76/100g",Noodles & Noodle Soup,/p/21422070_EA
Stir-Fried Noodle Buldak Kimchi Hot Chicken Flavor Ramen,$6.99 ,$8.69 ,"675 g, $1.04/100g",Noodles & Noodle Soup,/p/21450282_EA
Spicy Cold Noodles Korean Style,$3.99 ,$5.99 ,"520 g, $0.77/100g",Noodles & Noodle Soup,/p/20990839_EA
Soon Veggie Noodle Soup,$1.28 ,$1.59 ,"75 g, $1.71/100g",Noodles & Noodle Soup,/p/20932797_EA
Instant Noodle Artificial Chicken & Mushroom Flavor,$6.49 ,$6.49 ,"109 g, $5.95/100g",Noodles & Noodle Soup,/p/21456646_EA
Chicken Curry Flavour Instant Noodles,$2.88 ,$3.49 ,"400 g, $0.72/100g",Noodles & Noodle Soup,/p/21289971_EA
Dry Noodles,$7.69 ,$7.69 ,"1815 g, $0.42/100g",Noodles & Noodle Soup,/p/20030483_EA
2X Spicy Hot Chicken Flavor Ramen,$6.99 ,$8.69 ,"700 g, $1.00/100g",Noodles & Noodle Soup,/p/21412584_EA
"Bowl Noodle Soup, Beef",$1.79 ,$1.99 ,"86 g, $2.08/100g",Noodles & Noodle Soup,/p/20431191_EA
"Shrimp Egg Noodles, Thin ",$3.49 ,$3.49 ,"454 g, $0.77/100g",Noodles & Noodle Soup,/p/20689996_EA
Spicy Beef Noodle,$2.49 ,$2.89 ,"320 g, $0.78/100g",Noodles & Noodle Soup,/p/21377300_EA
"Shin Brand Premium Noodle Soup, Shin Black Cup",$2.59 ,$2.59 ,"101 g, $2.56/100g",Noodles & Noodle Soup,/p/20674067_EA
"Oriental Style Noodles, Thick",$4.49 ,$4.49 ,"500 g, $0.90/100g",Noodles & Noodle Soup,/p/20733419_EA
Instant Miso Soup Green Onion,$2.29 ,$3.58 ,"27 g, $8.48/100g",Noodles & Noodle Soup,/p/20999038_EA
Instant Noodle,$1.99 ,$1.99 ,"72 g, $2.76/100g",Noodles & Noodle Soup,/p/21418882_EA
"Instant Noodle Soup Cups, Chicken Flavour",$4.99 ,$4.99 ,"500 g, $1.00/100g",Noodles & Noodle Soup,/p/21176903_EA
Pad Thai Instant Noodle,$1.49 ,$1.49 ,"80 g, $1.86/100g",Noodles & Noodle Soup,/p/21375765_EA
"Rice Stick, Small",$2.49 ,$2.49 ,"454 g, $0.55/100g",Noodles & Noodle Soup,20343466002_EA
Chicken Bouillon Powder ,$11.49 ,$11.49 ,"1 kg, $1.15/100g",Noodles & Noodle Soup,/p/21311679_EA
Noodles With Soup Mix Shin Vegan Gourmet Spicy,$1.59 ,$1.59 ,"75 g, $2.12/100g",Noodles & Noodle Soup,/p/21444351_EA
Instant Noodle With Spicy Sauce Teumsae Stir-Fried Ramen Spicy,$5.99 ,$6.99 ,"520 g, $1.15/100g",Noodles & Noodle Soup,/p/21453400_EA
Stir Fried Noodle Bowl,$1.29 ,$1.29 ,"80 g, $1.61/100g",Noodles & Noodle Soup,/p/21377275_EA
"Instant Shiro Miso Soup, White",$4.29 ,$4.49 ,"30 g, $14.30/100g",Noodles & Noodle Soup,20049864001_EA
Udon Premium Noodle Soup,$4.49 ,$4.49 ,"276 g, $1.63/100g",Noodles & Noodle Soup,/p/20673760_EA
Fine Dry Noodles,$6.29 ,$6.99 ,"1.81 kg, $0.35/100g",Noodles & Noodle Soup,20692708001_EA
Neoguri Noodles With Soup Mix Mild Seafood Flavour,$5.49 ,$5.49 ,"480 g, $1.14/100g",Noodles & Noodle Soup,/p/21444366_EA
Vermicelli 3 Mm,$1.49 ,$1.79 ,"400 g, $0.37/100g",Noodles & Noodle Soup,/p/21446289_EA
King Cup Gomtang Flavour Instant Noodles   ,$2.49 ,$2.49 ,"105 g, $2.37/100g",Noodles & Noodle Soup,20430847003_EA
Instant Noodle With Soup Base Demae Ramen Artificial Pork Flavour,$4.99 ,$4.99 ,"500 g, $1.00/100g",Noodles & Noodle Soup,/p/21437263_EA
Vermicelli 1 Mm,$1.49 ,$1.79 ,"400 g, $0.37/100g",Noodles & Noodle Soup,/p/21446288_EA
Rice Stick Size L,$2.99 ,$2.99 ,"454 g, $0.66/100g",Noodles & Noodle Soup,/p/21448778_EA
Instant Noodles Artificial Roasted Beef Flavour 5 In 1,$5.99 ,$5.99 ,"540 g, $1.11/100g",Noodles & Noodle Soup,/p/21455110_EA
Instant Pancit Canton Chow Mein Noodles Philippine Lemon Flavour,$3.49 ,$3.49 ,"360 g, $0.97/100g",Noodles & Noodle Soup,20689357003_EA
Stir Fry Spicy Noodle,$2.49 ,$2.89 ,"340 g, $0.73/100g",Noodles & Noodle Soup,/p/21377318_EA
LoMein Noodles ,$1.79 ,$1.99 ,"363 g, $0.49/100g",Noodles & Noodle Soup,20692709001_EA
Noodles Shrimp Flavour Tom Yum,$3.49 ,$3.99 ,"300 g, $1.16/100g",Noodles & Noodle Soup,/p/21417405_EA
"Bowl Noodles, Sesame Oil Flavour",$2.29 ,$2.29 ,"110 g, $2.08/100g",Noodles & Noodle Soup,20284660001_EA
"Noodles, Tonkotsu Flavour",$0.79 ,$0.79 ,"100 g, $0.79/100g",Noodles & Noodle Soup,20145643005_EA
"Egg Noodles, Thin",$2.99 ,$3.49 ,"454 g, $0.66/100g",Noodles & Noodle Soup,/p/20689999_EA
Hot Pot Soup Base Spicy,$4.99 ,$4.99 ,"200 g, $2.50/100g",Noodles & Noodle Soup,/p/21453949_EA
Instant Noodle,$1.99 ,$1.99 ,"69 g, $2.88/100g",Noodles & Noodle Soup,/p/21418869_EA
"Bowl Noodles, XO Sauce Seafood",$2.29 ,$2.29 ,"133 g, $1.72/100g",Noodles & Noodle Soup,20284660002_EA
Noodles Spicy Beef Flavour,$6.49 ,$6.49 ,"117 g, $5.55/100g",Noodles & Noodle Soup,/p/21456633_EA
Rice,$2.39 ,$2.39 ,"454 g, $0.53/100g",Noodles & Noodle Soup,/p/20804829_EA
Red Curry Paste,$2.99 ,$3.49 ,"400 g, $0.75/100g",Noodles & Noodle Soup,/p/20115485_EA
Instant Noodle With Soup Base Demae Ramen Sesame Oil Flavour,$4.99 ,$4.99 ,"500 g, $1.00/100g",Noodles & Noodle Soup,/p/21438999_EA
Soup Base For Sichuan Hot & Spicy Hot Pot,$1.29 ,$1.29 ,"60 ml, $2.15/100ml",Noodles & Noodle Soup,/p/21383866_EA
Jinmailang Long Xu Noodle,$2.79 ,$3.39 ,"1 kg, $0.28/100g",Noodles & Noodle Soup,/p/21037951_EA
"Bowl Noodles, Artificial Chicken Flavour",$2.29 ,$2.29 ,"118 g, $1.94/100g",Noodles & Noodle Soup,20305786002_EA
Stir Fried Noodle,$2.49 ,$2.59 ,"350 g, $0.71/100g",Noodles & Noodle Soup,/p/21377291_EA
Ramen Organic,$4.59 ,$4.59 ,"269 g, $1.71/100g",Noodles & Noodle Soup,/p/21448837_EA
Hot Pot Soup Base Tomato,$4.99 ,$4.99 ,"200 g, $2.50/100g",Noodles & Noodle Soup,/p/21453957_EA
Beef Broth,$2.79 ,$2.89 ,"150 g, $1.86/100g",Noodles & Noodle Soup,20323241001_EA
Buckwheat Noodles ,$8.49 ,$8.49 ,"1.3 kg, $0.65/100g",Noodles & Noodle Soup,/p/20017197_EA
Gomtang Oriental Style Noodles with Soup Base Beef Flavour,$5.99 ,$5.99 ,"408 g, $1.47/100g",Noodles & Noodle Soup,/p/20994783_EA
Big Bowl Udon Noodle Soup,$2.19 ,$2.19 ,"114 g, $1.92/100g",Noodles & Noodle Soup,20139898002_EA
"Instant Pho Noodles Bowl, Chicken",$1.99 ,$1.99 ,"70 g, $2.84/100g",Noodles & Noodle Soup,20343897002_EA
Egg Noodles,$8.99 ,$8.99 ,"828 g, $1.09/100g",Noodles & Noodle Soup,/p/20689998_EA
Green Curry Paste,$3.49 ,$3.49 ,"400 g, $0.87/100g",Noodles & Noodle Soup,/p/20166356_EA
Stirfried Kimchi Ramen ,$6.49 ,$6.49 ,"536 g, $1.21/100g",Noodles & Noodle Soup,/p/21373818_EA
Potato Noodle Soup Family Pack,$5.79 ,$5.79 ,"400 g, $1.45/100g",Noodles & Noodle Soup,/p/21444372_EA
Stirfried Kimchi Ramen King Noodle,$2.49 ,$2.49 ,"116 g, $2.15/100g",Noodles & Noodle Soup,/p/21373843_EA
"Oriental Style Noodle, Thin",$4.49 ,$4.49 ,"500 g, $0.90/100g",Noodles & Noodle Soup,/p/20733417_EA
Noodles With Soup Mix,$5.99 ,$5.99 ,"508 g, $1.18/100g",Noodles & Noodle Soup,/p/21503882_EA
Instant Noodle,$1.99 ,$1.99 ,"72 g, $2.76/100g",Noodles & Noodle Soup,/p/21418893_EA
"Instant Pho Noodles Bowl, Beef",$1.99 ,$1.99 ,"70 g, $2.84/100g",Noodles & Noodle Soup,20343897001_EA
Jinmailang Ramen Noodle,$2.79 ,$3.39 ,"1 kg, $0.28/100g",Noodles & Noodle Soup,/p/21037924_EA
Instant Noodle With Soup Base Demae Ramen Black Garlic Oil And Artificial Pork Flavour,$4.99 ,$4.99 ,"500 g, $1.00/100g",Noodles & Noodle Soup,/p/21437173_EA
Shin Brand Gourmet Spicy Shin Light Ramyun Noodles With Soup Mix,$9.99 ,$9.99 ,"388 g, $2.57/100g",Noodles & Noodle Soup,/p/21334934_EA
"Nongshim NeoGuri Ramen, Mild",$1.49 ,$1.49 ,"120 g, $1.24/100g",Noodles & Noodle Soup,/p/20310619_EA
King Cup Hot & Spicy Instant Noodles  ,$2.49 ,$2.49 ,"110 g, $2.26/100g",Noodles & Noodle Soup,20430847004_EA
"Sweet Potato Vermicelli, Wide",$1.79 ,$1.79 ,"400 g, $0.45/100g",Noodles & Noodle Soup,/p/21447368_EA
Tomato Rice Noodles,$4.99 ,$4.99 ,"306 g, $1.63/100g",Noodles & Noodle Soup,/p/21456670_EA
Soba Organic,$4.59 ,$4.59 ,"269 g, $1.71/100g",Noodles & Noodle Soup,/p/21448830_EA
"Bowl Noodle Soup, Beef Flavour",$1.49 ,$1.49 ,"86 g, $1.73/100g",Noodles & Noodle Soup,20594766002_EA
"Instant Noodles, Chicken Flavour 5-Pack",$3.49 ,$3.99 ,"275 g, $1.27/100g",Noodles & Noodle Soup,/p/21417401_EA
Royal Umbrella Rice,$2.39 ,$2.39 ,"454 g, $0.53/100g",Noodles & Noodle Soup,/p/20805124_EA
Japanese Style Udon-Katsuo Udon Noodles with Tempura Flakes,$3.99 ,$3.99 ,"220 g, $1.81/100g",Noodles & Noodle Soup,/p/21452013_EA
Instant Noodles Artificial Stewed Pork Chop Flavour 5 In 1,$5.99 ,$5.99 ,"525 g, $1.14/100g",Noodles & Noodle Soup,/p/21455120_EA
UNIF Pork Chop Stew Instant Noodles,$1.99 ,$1.99 ,"110 g, $1.81/100g",Noodles & Noodle Soup,20430820002_EA
Udon Noodles ,$1.79 ,$1.99 ,"363 g, $0.49/100g",Noodles & Noodle Soup,20692709003_EA
"Bowl Noodle Soup, Hot & Spicy",$1.79 ,$1.99 ,"86 g, $2.08/100g",Noodles & Noodle Soup,20311560003_EA
Korean Roasted Seaweed Laver,$1.49 ,$1.49 ,"15 g, $9.93/100g","Snacks, Cookies & Crackers",/p/20593313_EA
"Cashews, Salted",$19.99 ,$19.99 ,"908 g, $2.20/100g","Snacks, Cookies & Crackers",20314862002_EA
Pocky Chocolate Cream Coated Biscuit Sticks 12 Packs,$4.99 ,$5.29 ,"156 g, $3.20/100g","Snacks, Cookies & Crackers",/p/21066087_EA
"Cashews, Unsalted",$19.99 ,$19.99 ,"908 g, $2.20/100g","Snacks, Cookies & Crackers",20314862001_EA
Boost High Protein Chocolate Meal Replacement Drink,$12.99 ,$12.99 ,"6x237.0 ml, $0.91/100ml","Snacks, Cookies & Crackers",p/20986348_C06
Pocky Strawberry Cream Coated Biscuit Sticks 12 Packs,$4.99 ,$5.29 ,"144 g, $3.47/100g","Snacks, Cookies & Crackers",/p/21066079_EA
Seasoned and Roasted Seaweed,$11.49 ,$11.49 ,"120 g, $9.58/100g","Snacks, Cookies & Crackers",/p/20699445_EA
"Sunflower Seeds, Original",$2.88 ,$2.88 ,"260 g, $1.11/100g","Snacks, Cookies & Crackers",20854556002_EA
Shrimp Chips,$1.29 ,$1.37 ,"45 g, $2.87/100g","Snacks, Cookies & Crackers",/p/20138370_EA
Boost Original Strawberry Meal Replacement Drink,$12.99 ,$12.99 ,"6x237.0 ml, $0.91/100ml","Snacks, Cookies & Crackers",0304429005_C06
Shrimp Cracker,$1.29 ,$1.37 ,"75 g, $1.72/100g","Snacks, Cookies & Crackers",/p/21188657_EA
Roasted Seaweed     ,$1.49 ,$1.79 ,"15 g, $9.93/100g","Snacks, Cookies & Crackers",/p/20431251_EA
"Pocky, Strawberry Cream",$1.49 ,$1.79 ,"33 g, $4.52/100g","Snacks, Cookies & Crackers",20073432002_EA
"Pocky, Chocolate",$1.49 ,$1.79 ,"40 g, $3.73/100g","Snacks, Cookies & Crackers",20073432001_EA
Boost Diabetic Chocolate Nutritional Supplement Drink,$12.99 ,$12.99 ,"6x237.0 ml, $0.91/100ml","Snacks, Cookies & Crackers",p/20990880_C06
Ready-to-Eat Organic Chestnuts,$1.29 ,$1.29 ,"100 g, $1.29/100g","Snacks, Cookies & Crackers",/p/20873813_EA
Onion Rings,$1.29 ,$1.37 ,"50 g, $2.58/100g","Snacks, Cookies & Crackers",/p/20298697_EA
Korean Roasted Seaweed Laver,$6.99 ,$6.99 ,"60 g, $11.65/100g","Snacks, Cookies & Crackers",/p/20805038_EA
Butter Cookie,$5.99 ,$5.99 ,"454 g, $1.32/100g","Snacks, Cookies & Crackers",/p/21245259_EA
Simply+ Nutritional Supplement Vanilla,$12.99 ,$12.99 ,"325 ml, $4.00/100ml","Snacks, Cookies & Crackers",p/21499827_C04
"Sunflower Seeds, Spiced",$2.88 ,$2.88 ,"260 g, $1.11/100g","Snacks, Cookies & Crackers",20854556003_EA
"Big Shelly Senbei Rice Crackers, Original",$2.79 ,$2.79 ,"92 g, $3.03/100g","Snacks, Cookies & Crackers",/p/20688601_EA
"Cream Wafers, Chocolate Flavour",$1.99 ,$2.29 ,"200 g, $1.00/100g","Snacks, Cookies & Crackers",20312830003_EA
Cucumber Flavoured Potato Chips,$3.99 ,$3.99 ,"165 g, $2.42/100g","Snacks, Cookies & Crackers",/p/21434283_EA
"Cream Wafers, Strawberry Flavour",$1.99 ,$2.29 ,"200 g, $1.00/100g","Snacks, Cookies & Crackers",20312830002_EA
Cuttlefish Snack,$1.29 ,$1.37 ,"55 g, $2.35/100g","Snacks, Cookies & Crackers",/p/21185560_EA
Honey Twist Snack,$1.29 ,$1.37 ,"75 g, $1.72/100g","Snacks, Cookies & Crackers",/p/20324775_EA
"Pudding with Nata De Coco, Mix",$3.49 ,$3.99 ,"708 g, $0.49/100g","Snacks, Cookies & Crackers",/p/20180623_EA
Original Mix Intensely Chewy Candy,$3.99 ,$3.99 ,"100 g, $3.99/100g","Snacks, Cookies & Crackers",/p/21380659_EA
Pocky Cookies & Cream Biscuit Sticks,$2.49 ,$2.69 ,"70 g, $3.56/100g","Snacks, Cookies & Crackers",/p/21237392_EA
Koala's March Chocolate Cookies,$5.49 ,$5.99 ,"195 g, $2.82/100g","Snacks, Cookies & Crackers",/p/20353341_EA
Chicken And Tomato Flavoured Potato Chips,$3.99 ,$3.99 ,"165 g, $2.42/100g","Snacks, Cookies & Crackers",/p/21434284_EA
Sweet & Sour Mix Intensely Chewy Candy,$3.99 ,$3.99 ,"90 g, $4.43/100g","Snacks, Cookies & Crackers",/p/21380612_EA
"Big Shelly Senbei Rice Crackers, Original",$2.79 ,$2.79 ,"122 g, $2.29/100g","Snacks, Cookies & Crackers",/p/20113568_EA
Shrimp Crackers,$5.49 ,$5.49 ,"400 g, $1.37/100g","Snacks, Cookies & Crackers",/p/20418200_EA
"Pocky, Chocolate",$2.49 ,$2.69 ,"70 g, $3.56/100g","Snacks, Cookies & Crackers",/p/20815469_EA
Candy Cappuccino,$1.49 ,$1.49 ,"120 g, $1.24/100g","Snacks, Cookies & Crackers",/p/21094800_EA
Crispy Seaweed Original Flavour,$1.99 ,$2.49 ,"36 g, $5.53/100g","Snacks, Cookies & Crackers",/p/21377035_EA
"Cream Wafers, Vanilla Flavour",$1.99 ,$2.29 ,"200 g, $1.00/100g","Snacks, Cookies & Crackers",20312830004_EA
Candy Coffee,$1.49 ,$1.49 ,"120 g, $1.24/100g","Snacks, Cookies & Crackers",/p/21094799_EA
"Sunflower Seeds, Chinese Pecan Flavour",$2.88 ,$2.88 ,"260 g, $1.11/100g","Snacks, Cookies & Crackers",/p/21378929_EA
"Chips, Shrimp Big Size",$5.49 ,$5.49 ,"200 g, $2.75/100g","Snacks, Cookies & Crackers",/p/21021428_EA
Giant Hello Panda Chocolate,$8.49 ,$9.99 ,"258 g, $3.29/100g","Snacks, Cookies & Crackers",/p/21181617_EA
White Chocolate Cookie Sticks,$1.29 ,$1.29 ,"47 g, $2.74/100g","Snacks, Cookies & Crackers",/p/20876314_EA
Assorted Mini Puddings,$2.49 ,$2.99 ,"180 g, $1.38/100g","Snacks, Cookies & Crackers",/p/20431409_EA
"Yogo Ice, Mixed Flavours",$1.89 ,$1.99 ,"450 ml, $0.42/100ml","Snacks, Cookies & Crackers",/p/20005916_EA
Butter Cookies,$3.29 ,$4.99 ,"454 g, $0.72/100g","Snacks, Cookies & Crackers",/p/20740820_EA
Pocky  Biscuit Sticks Green Tea Cream Coated,$1.49 ,$1.79 ,"40 g, $3.73/100g","Snacks, Cookies & Crackers",/p/21290440_EA
Pineapple Cakes,$2.79 ,$2.79 ,"224 g, $1.25/100g","Snacks, Cookies & Crackers",/p/20593292_EA
Creamy Candy,$2.79 ,$2.79 ,"180 g, $1.55/100g","Snacks, Cookies & Crackers",/p/21403977_EA
Honey Butter Chip Sweet Honey Flavour,$3.59 ,$3.59 ,"60 g, $5.98/100g","Snacks, Cookies & Crackers",/p/21365446_EA
"Cashews, Salted",$17.99 ,$17.99 ,"800 g, $2.25/100g","Snacks, Cookies & Crackers",/p/20807760_EA
Dried Pork Floss,$10.99 ,$10.99 ,"340 g, $3.23/100g","Snacks, Cookies & Crackers",20687092002_EA
"Cookies, Chocolate Cream Filled Biscuit Sticks 8 Packs",$4.99 ,$5.29 ,"120 g, $4.16/100g","Snacks, Cookies & Crackers",/p/21066082_EA
Custard Cake,$4.99 ,$5.99 ,"276 g, $1.81/100g","Snacks, Cookies & Crackers",/p/20917513_EA
Cream Wafers Filled With Chocolate Chocolate,$4.49 ,$5.79 ,"300 g, $1.50/100g","Snacks, Cookies & Crackers",/p/21456802_EA
Peanuts,$5.99 ,$5.99 ,"410 g, $1.46/100g","Snacks, Cookies & Crackers",/p/20845317_EA
Qq Gummy Candy Pineapple Flavour,$1.19 ,$1.19 ,"70 g, $1.70/100g","Snacks, Cookies & Crackers",/p/21450211_EA
Sesame Seaweed Almond,$2.29 ,$2.29 ,"35 g, $6.54/100g","Snacks, Cookies & Crackers",/p/21446128_EA
"Koala's March Koala Biscuits, Strawberry",$5.49 ,$5.99 ,"195 g, $2.82/100g","Snacks, Cookies & Crackers",/p/20739498_EA
Crispy Coconut Rolls,$4.99 ,$5.99 ,"140 g, $3.56/100g","Snacks, Cookies & Crackers",/p/21451088_EA
Crispy Seaweed Hot & Spicy,$1.99 ,$2.49 ,"36 g, $5.53/100g","Snacks, Cookies & Crackers",/p/21377034_EA
Butter Cookies ,$13.99 ,$13.99 ,"908 g, $1.54/100g","Snacks, Cookies & Crackers",/p/21348497_EA
Garden Party Mix,$4.99 ,$4.99 ,"500 g, $1.00/100g","Snacks, Cookies & Crackers",/p/20706820_EA
Rice Crackers,$4.99 ,$5.49 ,"500 g, $1.00/100g","Snacks, Cookies & Crackers",/p/20965610_EA
Potato Chips Mi Goreng Fried Noodles Flavour,$2.19 ,$2.19 ,"55 g, $3.98/100g","Snacks, Cookies & Crackers",/p/21107676_EA
Choco Pie     ,$3.99 ,$4.89 ,"336 g, $1.19/100g","Snacks, Cookies & Crackers",/p/20915707_EA
Hello Panda Vanilla,$2.29 ,$2.29 ,"60 g, $3.82/100g","Snacks, Cookies & Crackers",/p/21183380_EA
"March Cookies, Strawberry",$1.29 ,$1.49 ,"41 g, $3.15/100g","Snacks, Cookies & Crackers",/p/21112145_EA
Pocky Biscuit Sticks Almond Crush,$2.99 ,$3.49 ,"41 g, $7.29/100g","Snacks, Cookies & Crackers",/p/21290447_EA
Yan Yan Strawberry,$1.99 ,$2.29 ,"57 g, $3.49/100g","Snacks, Cookies & Crackers",/p/21183384_EA
Golden Rice Crackers Black Pepper Flavour,$4.99 ,$5.49 ,"160 g, $3.12/100g","Snacks, Cookies & Crackers",/p/21455277_EA
Shiitake Mushroom Crisps,$5.99 ,$5.99 ,"150 g, $3.99/100g","Snacks, Cookies & Crackers",/p/21446094_EA
Fancy Nut Mix Sea Salt,$17.99 ,$17.99 ,"908 g, $1.98/100g","Snacks, Cookies & Crackers",/p/21207131_EA
Grape Chewy Candy,$1.79 ,$1.79 ,"58 g, $3.09/100g","Snacks, Cookies & Crackers",/p/21221275_EA
Big Roll Snack,$4.99 ,$4.99 ,"27 g, $18.48/100g","Snacks, Cookies & Crackers",/p/21283628_EA
"Cream Wafers, Coconut Flavour",$2.29 ,$2.29 ,"200 g, $1.15/100g","Snacks, Cookies & Crackers",20312830001_EA
Hello Panda Chocolate,$1.99 ,$2.29 ,"60 g, $3.32/100g","Snacks, Cookies & Crackers",/p/21183382_EA
"Big Shelly Senbei Rice Crackers, Original",$6.99 ,$7.49 ,"520 g, $1.34/100g","Snacks, Cookies & Crackers",/p/20697316_EA
Senbei Rice Crackers Original,$5.99 ,$6.49 ,"520 g, $1.15/100g","Snacks, Cookies & Crackers",/p/21158517_EA
Pepero Original,$1.29 ,$1.29 ,"47 g, $2.74/100g","Snacks, Cookies & Crackers",/p/20876312_EA
Hot Wasabi Peas,$4.49 ,$4.49 ,"140 g, $3.21/100g","Snacks, Cookies & Crackers",/p/20098611_EA
"Artificially Flavored Mango Crème Filled Cookies, Family Pack",$5.99 ,$5.99 ,"195 g, $3.07/100g","Snacks, Cookies & Crackers",/p/21357954_EA
Sunflower Seeds Caramel Flavour,$2.88 ,$2.88 ,"260 g, $1.11/100g","Snacks, Cookies & Crackers",/p/21378931_EA
Bin Bin Seaweed Rice Crackers,$2.99 ,$2.99 ,"150 g, $1.99/100g","Snacks, Cookies & Crackers",20296097003_EA
"Prepared Broadbean, Hot",$2.39 ,$2.39 ,"170 g, $1.41/100g","Snacks, Cookies & Crackers",/p/20738486_EA
Cream Wafers Filled With Strawberry Flavoured Cream Strawberry,$4.99 ,$5.79 ,"300 g, $1.66/100g","Snacks, Cookies & Crackers",/p/21456805_EA
Crunchy Strawberry Pocky,$2.99 ,$3.49 ,"51 g, $5.86/100g","Snacks, Cookies & Crackers",/p/21340319_EA
Strawberry Chewy Candy,$1.79 ,$1.79 ,"58 g, $3.09/100g","Snacks, Cookies & Crackers",/p/21221297_EA
"Pork Floss, Crispy Dried",$10.99 ,$10.99 ,"340 g, $3.23/100g","Snacks, Cookies & Crackers",20687092001_EA
Milk Chewy Candy Original Flavour,$4.99 ,$4.99 ,"318 g, $1.57/100g","Snacks, Cookies & Crackers",/p/21450214_EA
"Cream Wafers, Cappuccino Flavour",$1.99 ,$2.29 ,"200 g, $1.00/100g","Snacks, Cookies & Crackers",/p/20688122_EA
Crispy Spicy Seaweed,$2.99 ,$3.79 ,"28.8 g, $10.38/100g","Snacks, Cookies & Crackers",/p/21302842_EA
Garden Salted Peanuts,$4.99 ,$4.99 ,"500 g, $1.00/100g","Snacks, Cookies & Crackers",/p/20712337_EA
Salted Egg Potato Chips ,$9.99 ,$11.99 ,"105 g, $9.51/100g","Snacks, Cookies & Crackers",/p/21377226_EA
Big Roll Grilled Seaweed Roll Spicy Flavour,$4.99 ,$4.99 ,"27 g, $18.48/100g","Snacks, Cookies & Crackers",/p/21283643_EA
Fried Seasoned Anchovy with Sesame,$3.49 ,$5.99 ,"200 g, $1.75/100g","Snacks, Cookies & Crackers",/p/21334299_EA
Green Apple Chewy Candy,$1.79 ,$1.79 ,"58 g, $3.09/100g","Snacks, Cookies & Crackers",/p/21221312_EA
Sunflower Seeds Spiced Flavor,$2.49 ,$2.79 ,"260 g, $0.96/100g","Snacks, Cookies & Crackers",/p/21461593_EA
Sesame Biscuit Egg Roll,$2.99 ,$2.99 ,"120 g, $2.49/100g","Snacks, Cookies & Crackers",20705122002_EA
"Cashews, Unsalted",$17.99 ,$17.99 ,"800 g, $2.25/100g","Snacks, Cookies & Crackers",/p/20807973_EA
Seaweed Snack,$7.99 ,$7.99 ,"100 g, $7.99/100g","Snacks, Cookies & Crackers",/p/20158267_EA
Cuttlefish Snack Big Size,$5.99 ,$5.99 ,"260 g, $2.30/100g","Snacks, Cookies & Crackers",/p/21158453_EA
Seaweed Rice Crackers,$7.49 ,$9.49 ,"308 g, $2.43/100g","Snacks, Cookies & Crackers",/p/21455267_EA
"Pudding, Mango Flavour    ",$4.99 ,$4.99 ,"708 g, $0.70/100g","Snacks, Cookies & Crackers",/p/20871932_EA
Shandong Roasted Peanuts,$4.79 ,$4.79 ,"500 g, $0.96/100g","Snacks, Cookies & Crackers",/p/20847426_EA
Malkist Crackers,$3.49 ,$3.49 ,"324 g, $1.08/100g","Snacks, Cookies & Crackers",/p/21313435_EA
Golden Rice Crackers Original Flavour,$4.99 ,$5.49 ,"160 g, $3.12/100g","Snacks, Cookies & Crackers",/p/21455276_EA
Qq Gummy Candy Grape Flavour,$1.19 ,$1.19 ,"70 g, $1.70/100g","Snacks, Cookies & Crackers",/p/21450187_EA
"Big Shelly Senbei Rice Crackers, Original",$6.99 ,$7.49 ,"520 g, $1.34/100g","Snacks, Cookies & Crackers",/p/20121806_EA
Fancy Nut Mix Unsalted,$17.99 ,$17.99 ,"908 g, $1.98/100g","Snacks, Cookies & Crackers",/p/21207459_EA
Chinese Pastry with Raisin & Sesame,$2.99 ,$2.99 ,"228 g, $1.31/100g","Snacks, Cookies & Crackers",20593291003_EA
Pistachios Sea Salt,$19.49 ,$19.49 ,"800 g, $2.44/100g","Snacks, Cookies & Crackers",/p/21461599_EA
Fried Rice Crackers,$7.49 ,$9.49 ,"400 g, $1.87/100g","Snacks, Cookies & Crackers",/p/21455271_EA
Senbei Rice Crackers Frosted,$5.99 ,$6.49 ,"520 g, $1.15/100g","Snacks, Cookies & Crackers",/p/21162939_EA
Bin Bin Rice Crackers,$2.49 ,$2.99 ,"150 g, $1.66/100g","Snacks, Cookies & Crackers",20296097001_EA
Sesame Seaweed Pumpkin Seeds,$2.29 ,$2.29 ,"35 g, $6.54/100g","Snacks, Cookies & Crackers",/p/21446125_EA
Mango Chewy Candy,$1.79 ,$1.79 ,"58 g, $3.09/100g","Snacks, Cookies & Crackers",/p/21221234_EA
Hello Panda Strawberry,$1.99 ,$2.29 ,"60 g, $3.32/100g","Snacks, Cookies & Crackers",/p/21183381_EA
Dried Mango,$12.49 ,$14.99 ,"567 g, $2.20/100g","Snacks, Cookies & Crackers",/p/20714634_EA
Lemon Puff Lemon Flavoured Sandwich Biscuit,$2.99 ,$3.49 ,"288 g, $1.04/100g","Snacks, Cookies & Crackers",/p/21384658_EA
Onion,$2.99 ,$2.99 ,"200 g, $1.50/100g","Snacks, Cookies & Crackers",/p/20135900_EA
Honey Ball Cookies,$2.99 ,$2.99 ,"210 g, $1.42/100g","Snacks, Cookies & Crackers",/p/20692706_EA
"Cookies, Koala March Biscuits, Chocolate   ",$1.29 ,$1.49 ,"41 g, $3.15/100g","Snacks, Cookies & Crackers",/p/20431025_EA
Classic Flavour Crispy Seaweed Big Sheet,$2.99 ,$3.79 ,"28.8 g, $10.38/100g","Snacks, Cookies & Crackers",/p/21302893_EA
Milk Biscuit Egg Roll,$2.99 ,$2.99 ,"120 g, $2.49/100g","Snacks, Cookies & Crackers",20705122001_EA
Pocky Chocolate Banana Biscuit Sticks,$2.49 ,$2.69 ,"70 g, $3.56/100g","Snacks, Cookies & Crackers",/p/21237372_EA
Crab Flavoured Chips ,$1.99 ,$1.99 ,"50 g, $3.98/100g","Snacks, Cookies & Crackers",/p/20739490_EA
Roasted Wasabi Green Peas,$1.79 ,$1.79 ,"90 g, $1.99/100g","Snacks, Cookies & Crackers",/p/20984420_EA
Chinese Pastry with Egg,$2.99 ,$2.99 ,"228 g, $1.31/100g","Snacks, Cookies & Crackers",20593291001_EA
"Pudding, Mango",$3.99 ,$3.99 ,"708 g, $0.56/100g","Snacks, Cookies & Crackers",/p/20595321_EA
Sunflower Seeds Original Flavor,$2.49 ,$2.79 ,"260 g, $0.96/100g","Snacks, Cookies & Crackers",/p/21461596_EA
"Cream Wafers, Lemon Flavour",$1.99 ,$2.29 ,"200 g, $1.00/100g","Snacks, Cookies & Crackers",/p/20688027_EA
Qq Gummy Candy Lychee Flavour,$1.19 ,$1.19 ,"70 g, $1.70/100g","Snacks, Cookies & Crackers",/p/21450209_EA
Soy Sauce,$3.49 ,$3.49 ,"483 ml, $0.72/100ml","Condiments, Sauces & Oil",/p/20072045_EA
Hoisin Squeeze Sauce,$2.79 ,$3.29 ,"443 ml, $0.63/100ml","Condiments, Sauces & Oil",/p/20045048_EA
Sriracha Hot Chilli Sauce,$4.99 ,$4.99 ,"815 g, $0.61/100g","Condiments, Sauces & Oil",/p/21499504_EA
Kewpie Mayonnaise,$7.49 ,$7.49 ,"517 ml, $1.45/100ml","Condiments, Sauces & Oil",/p/21064091_EA
Soy Sauce,$6.49 ,$6.49 ,"591 ml, $1.10/100ml","Condiments, Sauces & Oil",/p/20139275_EA
Panda Brand Oyster Sauce,$3.49 ,$3.79 ,"510 ml, $0.68/100g","Condiments, Sauces & Oil",/p/20139600_EA
Chili Sauce for Chicken,$4.29 ,$4.29 ,"650 ml, $0.66/100ml","Condiments, Sauces & Oil",/p/20149074_EA
Pure Sesame Oil,$6.49 ,$6.99 ,"443 ml, $1.46/100ml","Condiments, Sauces & Oil",/p/20165080_EA
Soy Sauce,$2.49 ,$2.49 ,"500 ml, $0.50/100ml","Condiments, Sauces & Oil",/p/20703399_EA
Less Sodium Soy Sauce,$6.49 ,$6.49 ,"295 ml, $2.19/100ml","Condiments, Sauces & Oil",/p/20015907_EA
Soy Sauce,$5.99 ,$5.99 ,"1.9 l, $0.32/100ml","Condiments, Sauces & Oil",/p/20703390_EA
Pure Sesame Oil,$5.99 ,$6.49 ,"370 ml, $1.62/100ml","Condiments, Sauces & Oil",/p/20287680_EA
Soy Sauce Premium,$2.99 ,$3.29 ,"500 ml, $0.60/100ml","Condiments, Sauces & Oil",/p/20026520_EA
Sweet Chili Sauce for Chicken,$1.79 ,$2.19 ,"290 ml, $0.62/100ml","Condiments, Sauces & Oil",/p/20214568_EA
"Dressing, Sriracha Mayonnaise",$4.99 ,$5.99 ,"445 ml, $1.12/100ml","Condiments, Sauces & Oil",/p/20775047_EA
Soy Sauce All Purpose Seasoning Less Sodium,$6.99 ,$7.49 ,"591 ml, $1.18/100ml","Condiments, Sauces & Oil",/p/21456720_EA
Chili Paste,$3.29 ,$3.29 ,"340 g, $1.57/100g","Condiments, Sauces & Oil",/p/20874066_EA
Pure Sesame Oil    ,$2.99 ,$3.49 ,"185 ml, $1.62/100ml","Condiments, Sauces & Oil",/p/20112073_EA
Seasoning (Red Cap),$3.49 ,$4.29 ,"200 ml, $1.75/100ml","Condiments, Sauces & Oil",/p/20123023_EA
Less Sodium Soy Sauce 500 ml,$4.99 ,$4.99 ,"500 ml, $1.00/100ml","Condiments, Sauces & Oil",/p/21373645_EA
Premium Light Soy Sauce,$2.49 ,$2.79 ,"500 ml, $0.50/100ml","Condiments, Sauces & Oil",/p/20698142_EA
Fish Sauce,$2.99 ,$3.49 ,"725 ml, $0.41/100ml","Condiments, Sauces & Oil",/p/20065165_EA
"Teriyaki Sauce, Thick",$4.29 ,$4.29 ,"455 ml, $0.94/100ml","Condiments, Sauces & Oil",20315799001_EA
Stir Fry Sauce,$5.99 ,$5.99 ,"285 ml, $2.10/100ml","Condiments, Sauces & Oil",/p/20038884_EA
Lite Rice Vinegar,$3.99 ,$3.99 ,"355 ml, $1.12/100ml","Condiments, Sauces & Oil",20137323001_EA
100% Pure Vegetable Oil,$10.99 ,$10.99 ,"2.84 l, $0.39/100ml","Condiments, Sauces & Oil",/p/20333036_EA
Korean Kalbi Marinade Sauce,$5.49 ,$5.49 ,"765 ml, $0.72/100ml","Condiments, Sauces & Oil",/p/20844590_EA
Chow Style Chili,$4.99 ,$5.99 ,"205 g, $2.43/100g","Condiments, Sauces & Oil",/p/21367021_EA
"Rice Vinegar, Natural",$4.99 ,$4.99 ,"355 ml, $1.41/100ml","Condiments, Sauces & Oil",20182824001_EA
100% Pure Canola Oil,$10.99 ,$10.99 ,"2.84 l, $0.39/100ml","Condiments, Sauces & Oil",/p/20330746_EA
Sushi Ginger,$1.69 ,$1.69 ,"210 g, $0.80/100g","Condiments, Sauces & Oil",/p/21100328_EA
Soy Sauce,$4.49 ,$4.49 ,"148 ml, $3.03/100ml","Condiments, Sauces & Oil",/p/20043711_EA
Black Bean Garlic Sauce,$3.49 ,$4.29 ,"368 g, $0.95/100g","Condiments, Sauces & Oil",/p/20319201_EA
"Seasoning Sauce, Red Cap",$8.99 ,$9.99 ,"800 ml, $1.12/100ml","Condiments, Sauces & Oil",/p/20073029_EA
Panda Oyster Sauce,$6.29 ,$6.29 ,"907 g, $0.69/100g","Condiments, Sauces & Oil",/p/20167418_EA
Teriyaki Sauce,$5.49 ,$5.49 ,"350 ml, $1.57/100ml","Condiments, Sauces & Oil",20876697003_EA
Bibimbap Hot Sauce,$3.49 ,$3.99 ,"300 g, $1.16/100g","Condiments, Sauces & Oil",/p/21452960_EA
"Tasty Curry Sauce Mix, Medium Hot",$4.99 ,$4.99 ,"200 g, $2.50/100g","Condiments, Sauces & Oil",20687551002_EA
Korean Chili Sauce,$6.99 ,$7.99 ,"215 g, $3.25/100g","Condiments, Sauces & Oil",/p/21453162_EA
Chinkiang Vinegar,$1.99 ,$1.99 ,"554 ml, $0.36/100ml","Condiments, Sauces & Oil",/p/20137390_EA
Hot Pepper Paste,$6.49 ,$6.49 ,"500 g, $1.30/100g","Condiments, Sauces & Oil",/p/20738497_EA
Less Sodium Soy Sauce,$4.99 ,$4.99 ,"148 ml, $3.37/100ml","Condiments, Sauces & Oil",/p/20346505_EA
Premium Oyster Sauce,$5.99 ,$6.49 ,"510 g, $1.17/100g","Condiments, Sauces & Oil",/p/20146186_EA
Sriracha Sauce,$4.99 ,$4.99 ,"435 ml, $1.15/100ml","Condiments, Sauces & Oil",/p/20159252_EA
Horseradish Paste With Japanese Wasabi Paste Hot,$2.79 ,$2.79 ,"43 g, $6.49/100g","Condiments, Sauces & Oil",/p/21397150_EA
Lion & Globe Peanut Oil,$9.99 ,$9.99 ,"1 l, $9.99/1ea","Condiments, Sauces & Oil",/p/20739508_EA
100% Pure Corn Oil,$16.99 ,$16.99 ,"2.84 l, $0.60/100ml","Condiments, Sauces & Oil",/p/20334976_EA
Fish Sauce,$4.49 ,$4.49 ,"700 ml, $0.64/100ml","Condiments, Sauces & Oil",/p/20060885_EA
Minced Garlic,$4.99 ,$4.99 ,"326 g, $1.53/100g","Condiments, Sauces & Oil",/p/20703004_EA
Sweet Thai Chilli Sauce,$3.49 ,$3.89 ,"830 g, $0.42/100g","Condiments, Sauces & Oil",/p/21446287_EA
Superior Light Soy Sauce,$2.69 ,$2.69 ,"500 ml, $0.54/100ml","Condiments, Sauces & Oil",/p/20148208_EA
Pure Sesame Oil,$4.19 ,$4.19 ,"163 ml, $2.57/100ml","Condiments, Sauces & Oil",/p/20108456_EA
Lion & Globe Peanut Oil,$19.99 ,$19.99 ,"2 l, $10.00/1ea","Condiments, Sauces & Oil",/p/20739039_EA
Tteobokki Hot Sauce,$3.49 ,$3.99 ,"300 g, $1.16/100g","Condiments, Sauces & Oil",/p/21452962_EA
Pickled Mustard,$1.49 ,$1.69 ,"300 g, $0.50/100g","Condiments, Sauces & Oil",/p/21446291_EA
Mushroom Flavoured Dark Soy Sauce,$3.29 ,$3.29 ,"500 ml, $0.66/100ml","Condiments, Sauces & Oil",/p/20184161_EA
Hot Chili Oil,$3.99 ,$3.99 ,"207 ml, $1.93/100ml","Condiments, Sauces & Oil",/p/20162801_EA
Hoisin Sauce,$3.49 ,$3.49 ,"306 ml, $1.14/100ml","Condiments, Sauces & Oil",/p/20003330_EA
Teriyaki Sauce,$3.29 ,$3.29 ,"207 ml, $1.59/100ml","Condiments, Sauces & Oil",/p/21373636_EA
Mid-Oleic Sunflower Oil,$17.99 ,$17.99 ,"2.84 l, $0.63/100ml","Condiments, Sauces & Oil",/p/21306355_EA
"Honey Garlic Sauce Baste & Glaze, Thick",$4.29 ,$4.29 ,"455 ml, $0.94/100ml","Condiments, Sauces & Oil",20009211002_EA
Char Siu Sauce,$3.99 ,$3.99 ,"282 ml, $1.41/100ml","Condiments, Sauces & Oil",/p/20326703_EA
"Oils, Lion & Globe Peanut Oil, Extra Virgin",$9.99 ,$9.99 ,"900 ml, $1.11/100ml","Condiments, Sauces & Oil",/p/20739480_EA
Lion Globe Peanut Canola Oil,$17.99 ,$17.99 ,"2 l, $9.00/1ea","Condiments, Sauces & Oil",/p/20739486_EA
Tom Yum Instant Hot And Sour Paste,$2.79 ,$2.79 ,"227 g, $1.23/100g","Condiments, Sauces & Oil",/p/20022197_EA
Chili Sauce for Spring Rolls,$4.29 ,$4.29 ,"720 ml, $0.60/100ml","Condiments, Sauces & Oil",/p/20147767_EA
Seasoned Soy Sauce For Seafood,$3.99 ,$3.99 ,"410 ml, $0.97/100ml","Condiments, Sauces & Oil",/p/20043071_EA
Brown Rice Red Pepper Paste Gochujang Medium Hot,$5.49 ,$6.49 ,"500 g, $1.10/100g","Condiments, Sauces & Oil",/p/21452984_EA
Sukiyaki Sauce ,$1.79 ,$1.79 ,"220 g, $0.81/100g","Condiments, Sauces & Oil",/p/21372518_EA
Sushi Ginger,$3.49 ,$3.49 ,"340 g, $1.03/100g","Condiments, Sauces & Oil",/p/20624111_EA
Garlic Hoisin Sauce,$3.49 ,$3.49 ,"445 ml, $0.78/100ml","Condiments, Sauces & Oil",/p/21371596_EA
Pure Sesame Oil,$6.99 ,$6.99 ,"327 ml, $2.14/100ml","Condiments, Sauces & Oil",/p/20990809_EA
Seasoning (Yellow Cap),$7.49 ,$7.49 ,"800 ml, $0.94/100ml","Condiments, Sauces & Oil",/p/20146825_EA
Soy Sauce,$2.99 ,$2.99 ,"150 ml, $1.99/100ml","Condiments, Sauces & Oil",/p/20073286_EA
Korean Barbecue Sauce,$4.99 ,$4.99 ,"297 ml, $1.68/100ml","Condiments, Sauces & Oil",/p/20703471_EA
Pure Basmati Rice,$16.99 ,$16.99 ,"4 kg, $0.42/100g","Rice, Lentils, & Beans",/p/20787524_EA
Aged Basmati Rice,$10.00 ,$10.00 ,"3.63 kg, $0.28/100g","Rice, Lentils, & Beans",/p/20838931_EA
Rice Basmati,$21.99 ,$21.99 ,"4.54 kg, $0.48/100g","Rice, Lentils, & Beans",/p/20153678_EA
Pure Original Basmati Rice,$6.29 ,$6.99 ,"907 g, $0.69/100g","Rice, Lentils, & Beans",/p/20065191_EA
Basmati Rice     ,$15.99 ,$15.99 ,"3.63 kg, $0.44/100g","Rice, Lentils, & Beans",/p/20787290_EA
"Pure Basmati Rice, Bag",$11.99 ,$11.99 ,"1.81 kg, $0.66/100g","Rice, Lentils, & Beans",/p/20013920_EA
Indian Basmati Rice,$11.99 ,$11.99 ,"3.64 kg, $0.33/100g","Rice, Lentils, & Beans",/p/20059642_EA
Aged Basmati Rice,$6.99 ,$6.99 ,"1.81 kg, $0.39/100g","Rice, Lentils, & Beans",/p/20839393_EA
Brown Basmati Rice,$14.99 ,$14.99 ,"4.54 kg, $0.33/100g","Rice, Lentils, & Beans",/p/20138918_EA
Basmati Rice,$16.99 ,$16.99 ,"4 kg, $0.42/100g","Rice, Lentils, & Beans",/p/20896606_EA
Dal Makhani,$2.99 ,$2.99 ,"300 g, $1.00/100g","Rice, Lentils, & Beans",20769717008_EA
Grand Extra Basmati Rice,$21.99 ,$21.99 ,"4.54 kg, $0.48/100g","Rice, Lentils, & Beans",/p/20795464_EA
Channa Masala,$2.99 ,$2.99 ,"300 g, $1.00/100g","Rice, Lentils, & Beans",20769717002_EA
Brown Basmati Rice,$6.99 ,$6.99 ,"1.81 kg, $0.39/100g","Rice, Lentils, & Beans",/p/20839413_EA
Paneer Butter Masala,$2.99 ,$2.99 ,"300 g, $1.00/100g","Rice, Lentils, & Beans",20769717010_EA
Paneer Tikka Masala,$2.99 ,$2.99 ,"300 g, $1.00/100g","Rice, Lentils, & Beans",20769717011_EA
Palak Paneer,$2.99 ,$2.99 ,"300 g, $1.00/100g","Rice, Lentils, & Beans",20877484005_EA
Basmati Rice Premium (Case),$17.99 ,$17.99 ,"4.54 kg, $0.40/100g","Rice, Lentils, & Beans",p/20582706_C01
Basmati Rice,$7.99 ,$7.99 ,"907 g, $0.88/100g","Rice, Lentils, & Beans",/p/21365937_EA
Extra Long Basmati Rice,$19.99 ,$19.99 ,"4 kg, $0.50/100g","Rice, Lentils, & Beans",/p/21341987_EA
Wholegrain Basmati Rice,$11.99 ,$11.99 ,"1.81 kg, $0.66/100g","Rice, Lentils, & Beans",/p/20436365_EA
Chick Pea Curry,$4.99 ,$4.99 ,"270 ml, $1.85/100ml","Rice, Lentils, & Beans",20307206001_EA
Priya Basmati Rice,$14.99 ,$14.99 ,"3.63 kg, $0.41/100g","Rice, Lentils, & Beans",p/20582349_C01
Spinach Cottage Cheese Curry,$4.99 ,$4.99 ,"280 ml, $1.78/100ml","Rice, Lentils, & Beans",20307206004_EA
Minute Khana Dal Makhani Mild,$3.29 ,$3.29 ,"300 g, $1.10/100g","Rice, Lentils, & Beans",/p/21446767_EA
Muttar Paneer ,$2.99 ,$2.99 ,"300 g, $1.00/100g","Rice, Lentils, & Beans",20877484004_EA
Minute Khana Dum Biryani Mild,$3.29 ,$3.29 ,"200 g, $1.65/100g","Rice, Lentils, & Beans",/p/21446759_EA
Shahi Paneer,$2.99 ,$2.99 ,"300 g, $1.00/100g","Rice, Lentils, & Beans",20769717005_EA
Minute Khana Pav Bhaji Mild,$3.29 ,$3.29 ,"300 g, $1.10/100g","Rice, Lentils, & Beans",/p/21446758_EA
"Basmati Rice, Brown",$17.99 ,$17.99 ,"4.54 kg, $0.40/100g","Rice, Lentils, & Beans",/p/20861639_EA
Basmati Rice     ,$16.49 ,$16.49 ,"3.63 kg, $0.45/100g","Rice, Lentils, & Beans",/p/21212914_EA
Minute Khana Punjabi Choley Mild,$3.29 ,$3.29 ,"300 g, $1.10/100g","Rice, Lentils, & Beans",/p/21446784_EA
Minute Khana Paneer Makhani Mild,$3.29 ,$3.29 ,"300 g, $1.10/100g","Rice, Lentils, & Beans",/p/21446755_EA
Minute Khana Dal Tadka Mild,$3.29 ,$3.29 ,"300 g, $1.10/100g","Rice, Lentils, & Beans",/p/21446754_EA
Pav Bhaji,$2.99 ,$2.99 ,"300 g, $1.00/100g","Rice, Lentils, & Beans",20877484002_EA
Black Gram Lentil Curry,$4.99 ,$4.99 ,"270 ml, $1.85/100ml","Rice, Lentils, & Beans",20307206002_EA
Yellow Dal Tadka,$4.99 ,$4.99 ,"270 g, $1.85/100g","Rice, Lentils, & Beans",20715798002_EA
Aged Basmati Rice,$54.99 ,$54.99 ,"18 kg, $0.31/100g","Rice, Lentils, & Beans",/p/20139958_EA
Basmati Rice,$21.59 ,$21.59 ,"4.54 kg, $0.48/100g","Rice, Lentils, & Beans",/p/20418192_EA
Premium Dehraduni Basmati Rice,$15.99 ,$15.99 ,"4.54 kg, $0.35/100g","Rice, Lentils, & Beans",/p/21029920_EA
Lemon Rice,$2.29 ,$2.29 ,"250 g, $0.92/100g","Rice, Lentils, & Beans",/p/20858348_EA
Premium Basmati Rice,$19.99 ,$19.99 ,"4.54 kg, $0.44/100g","Rice, Lentils, & Beans",/p/20945638_EA
Mixed Veg Curry,$2.99 ,$2.99 ,"300 g, $1.00/100g","Rice, Lentils, & Beans",20769717003_EA
Organic Brown Basmati Rice,$6.49 ,$6.49 ,"908 g, $0.71/100g","Rice, Lentils, & Beans",/p/20875179_EA
Rajma Masala,$2.99 ,$2.99 ,"300 g, $1.00/100g","Rice, Lentils, & Beans",20769717009_EA
Bhindi Masala Curry,$2.99 ,$2.99 ,"300 g, $1.00/100g","Rice, Lentils, & Beans",20769717007_EA
Basmati Rice,$17.99 ,$17.99 ,"4.545 kg, $0.40/100g","Rice, Lentils, & Beans",/p/20877295_EA
Creamy Sella Basmati Rice,$17.99 ,$17.99 ,"3.63 kg, $0.50/100g","Rice, Lentils, & Beans",/p/21417641_EA
Basmati Rice Everyday,$13.99 ,$13.99 ,"3.63 kg, $0.39/100g","Rice, Lentils, & Beans",/p/21506085_EA
Basmati Rice (Case),$19.99 ,$19.99 ,"4.54 kg, $0.44/100g","Rice, Lentils, & Beans",p/20582250_C01
Basmati Rice,$12.49 ,$12.49 ,"1.8 kg, $0.69/100g","Rice, Lentils, & Beans",/p/21366990_EA
Cottage Cheese Curry,$4.99 ,$4.99 ,"280 ml, $1.78/100ml","Rice, Lentils, & Beans",20307206003_EA
Navratan Kurma,$2.99 ,$2.99 ,"300 g, $1.00/100g","Rice, Lentils, & Beans",20769717004_EA
Daawat Sona Masoori Rice,$29.99 ,$29.99 ,"9.08 kg, $0.33/100g","Rice, Lentils, & Beans",/p/20758109_EA
Sona Masoori Medium Grain Rice,$32.99 ,$32.99 ,"9.07 kg, $0.36/100g","Rice, Lentils, & Beans",/p/21069877_EA
Organic Pure Basmati Rice,$6.49 ,$6.49 ,"908 g, $0.71/100g","Rice, Lentils, & Beans",/p/20875182_EA
Masala Munch Flavoured Snacks 115g,$1.29 ,$1.29 ,"115 g, $1.12/100g","Snacks, Cookies & Crackers",/p/20659742_EA
Chilli Chatka Flavoured Snacks 115g,$1.29 ,$1.29 ,"115 g, $1.12/100g","Snacks, Cookies & Crackers",/p/21361077_EA
Magic Masala ridged flavoured potato chips,$3.99 ,$3.99 ,"165 g, $2.42/100g","Snacks, Cookies & Crackers",/p/21365049_EA
Biscuit Original Glucose,$1.49 ,$1.49 ,"300 g, $0.50/100g","Snacks, Cookies & Crackers",/p/20956495_EA
Cream & Onion ridged flavoured potato chips,$3.99 ,$3.99 ,"165 g, $2.42/100g","Snacks, Cookies & Crackers",/p/21365045_EA
Tasty Nuts Peanuts,$1.79 ,$1.79 ,"150 g, $1.19/100g","Snacks, Cookies & Crackers",20314667007_EA
"Fifty Fifty, Cookies",$3.29 ,$3.29 ,"372 g, $0.88/100g","Snacks, Cookies & Crackers",/p/21205822_EA
Indian Snacks Khatta Meetha Sour & Sweet Mix,$1.79 ,$1.79 ,"150 g, $1.19/100g","Snacks, Cookies & Crackers",/p/20309425_EA
Bhel Puri Snack Mix,$1.79 ,$1.79 ,"150 g, $1.19/100g","Snacks, Cookies & Crackers",/p/20309977_EA
Digestive Cookies,$2.49 ,$2.49 ,"400 g, $0.62/100g","Snacks, Cookies & Crackers",/p/20875669_EA
Alu Bhujia,$1.79 ,$1.79 ,"150 g, $1.19/100g","Snacks, Cookies & Crackers",20314667002_EA
Moong Dal,$1.79 ,$1.79 ,"150 g, $1.19/100g","Snacks, Cookies & Crackers",20314667008_EA
Marie Gold Biscuits,$1.79 ,$1.79 ,"150 g, $1.19/100g","Snacks, Cookies & Crackers",/p/20844075_EA
Cookies Pista-Almond,$3.29 ,$3.29 ,"231 g, $1.42/100g","Snacks, Cookies & Crackers",/p/21023769_EA
Bourbon Cream Biscuit,$4.49 ,$4.49 ,"390 g, $1.15/100g","Snacks, Cookies & Crackers",/p/20574619_EA
Cornflakes Chivda,$1.79 ,$1.79 ,"150 g, $1.19/100g","Snacks, Cookies & Crackers",20314667004_EA
All In One Snack Mix,$1.79 ,$1.79 ,"160 g, $1.12/100g","Snacks, Cookies & Crackers",20314667005_EA
Suji Rusk ,$3.49 ,$3.49 ,"350 g, $1.14/100g","Snacks, Cookies & Crackers",/p/21032472_EA
Snacks Boondi,$2.99 ,$2.99 ,"341 g, $0.88/100g","Snacks, Cookies & Crackers",20322576003_EA
Good Day Cashew Cookies,$3.29 ,$3.29 ,"231 g, $1.42/100g","Snacks, Cookies & Crackers",/p/21023105_EA
Good Day Cashew Biscuits,$0.99 ,$0.99 ,"75 g, $1.32/100g","Snacks, Cookies & Crackers",20840892001_EA
Indian Snacks Bhujia Sev,$1.79 ,$1.79 ,"150 g, $1.19/100g","Snacks, Cookies & Crackers",20314667001_EA
Good Day Butter Cookies,$3.29 ,$3.29 ,"231 g, $1.42/100g","Snacks, Cookies & Crackers",/p/21023781_EA
Indian Snacks Navratan Mix,$1.79 ,$1.79 ,"150 g, $1.19/100g","Snacks, Cookies & Crackers",/p/20303453_EA
Cake Rusk,$5.59 ,$5.59 ,"650 g, $0.86/100g","Snacks, Cookies & Crackers",/p/20418926_EA
Boondi,$3.99 ,$3.99 ,"350 g, $1.14/100g","Snacks, Cookies & Crackers",/p/20379639_EA
Almond Pound Cake    ,$3.99 ,$3.99 ,"368 g, $1.08/100g","Snacks, Cookies & Crackers",/p/20814268_EA
Indian Snacks Nimbu Masala,$1.79 ,$1.79 ,"150 g, $1.19/100g","Snacks, Cookies & Crackers",20314667009_EA
Coconut Pound Cake    ,$3.99 ,$3.99 ,"0.368 kg, $1.08/100g","Snacks, Cookies & Crackers",/p/20814078_EA
Pound Cake     ,$3.99 ,$3.99 ,"0.368 kg, $1.08/100g","Snacks, Cookies & Crackers",/p/20814080_EA
Snack Extruded Flour Twist,$2.99 ,$2.99 ,"250 g, $1.20/100g","Snacks, Cookies & Crackers",20303745002_EA
Indian Snacks Chatpata Dal,$1.79 ,$1.79 ,"150 g, $1.19/100g","Snacks, Cookies & Crackers",/p/20303365_EA
Goad Gathiya,$2.99 ,$2.99 ,"341 g, $0.88/100g","Snacks, Cookies & Crackers",20322576007_EA
Masala Chana     ,$1.79 ,$1.79 ,"150 g, $1.19/100g","Snacks, Cookies & Crackers",20314667010_EA
Fruit Pound Cake    ,$3.99 ,$3.99 ,"0.368 kg, $1.08/100g","Snacks, Cookies & Crackers",/p/20814079_EA
Almond Honey Cookie,$3.99 ,$3.99 ,"0.35 kg, $1.14/100g","Snacks, Cookies & Crackers",/p/20820419_EA
Namak Para Snacks,$3.79 ,$3.79 ,"360 g, $1.05/100g","Snacks, Cookies & Crackers",20305966002_EA
Milk Rusk,$5.99 ,$5.99 ,"620 g, $1.07/100g","Snacks, Cookies & Crackers",/p/21024034_EA
Tikha Gathiya ,$2.99 ,$2.99 ,"341 g, $0.88/100g","Snacks, Cookies & Crackers",20322576009_EA
"Indian Snacks, Bombay Mix",$2.99 ,$2.99 ,"341 g, $0.88/100g","Snacks, Cookies & Crackers",20313591003_EA
Cashew Short Bread Cookie,$3.99 ,$3.99 ,"0.3 kg, $1.14/100g","Snacks, Cookies & Crackers",/p/20820681_EA
Biscuits Family Pack,$4.19 ,$4.19 ,"540 g, $0.78/100g","Snacks, Cookies & Crackers",/p/21205806_EA
Namak Para,$3.99 ,$3.99 ,"360 g, $1.11/100g","Snacks, Cookies & Crackers",/p/21481512_EA
Indian Snacks Dal Biji Red Lentil Mixture,$1.79 ,$1.79 ,"150 g, $1.19/100g","Snacks, Cookies & Crackers",20314667003_EA
Chekaralu,$1.99 ,$1.99 ,"150 g, $1.33/100g","Snacks, Cookies & Crackers",/p/21471287_EA
Indian Snacks Khatta Meetha,$3.99 ,$3.99 ,"350 g, $1.14/100g","Snacks, Cookies & Crackers",20370751004_EA
Family Pack Almond Cake Rusk,$5.99 ,$5.99 ,"750 g, $0.80/100g","Snacks, Cookies & Crackers",/p/21283989_EA
Punjabi Mix,$2.99 ,$2.99 ,"341 g, $0.88/100g","Snacks, Cookies & Crackers",20322576001_EA
Crunchy And Spicy Potato Sticks Aloo Laccha Namkeen,$1.79 ,$1.79 ,"150 g, $1.19/100g","Snacks, Cookies & Crackers",/p/21471372_EA
Chekaralu,$1.99 ,$1.99 ,"150 g, $1.33/100g","Snacks, Cookies & Crackers",/p/21471287_EA
Cheddar Jalapeno Tubes,$1.49 ,$1.49 ,"80 g, $1.86/100g","Snacks, Cookies & Crackers",/p/21288907_EA
Punjabi Cookies,$6.19 ,$6.19 ,"1.1 kg, $0.56/100g","Snacks, Cookies & Crackers",/p/20180817_EA
Fiji Mix,$3.19 ,$3.19 ,"341 g, $0.94/100g","Snacks, Cookies & Crackers",20785692007_EA
Pistachio Short Bread Cookie,$3.99 ,$3.99 ,"0.35 kg, $1.14/100g","Snacks, Cookies & Crackers",/p/20820641_EA
Vegetarian Cookies,$5.19 ,$5.19 ,"800 g, $0.65/100g","Snacks, Cookies & Crackers",/p/20012495_EA
Indian Snacks Bhujia Sev,$3.99 ,$3.99 ,"350 g, $1.14/100g","Snacks, Cookies & Crackers",20370751002_EA
Lemon Twist Corn Bites,$0.50 ,$0.50 ,$0.99/100g,"Snacks, Cookies & Crackers",/p/20163003_KG
Chili Peanuts,$3.19 ,$3.19 ,"341 g, $0.94/100g","Snacks, Cookies & Crackers",20785692001_EA
Namak Para,$4.49 ,$4.49 ,"360 g, $1.25/100g","Snacks, Cookies & Crackers",/p/21443491_EA
Aloo Bhujia,$3.99 ,$3.99 ,"350 g, $1.14/100g","Snacks, Cookies & Crackers",20370751003_EA
Salty Peanuts,$1.79 ,$1.79 ,"150 g, $1.19/100g","Snacks, Cookies & Crackers",/p/21471573_EA
Spicy Para,$3.99 ,$3.99 ,"360 g, $1.11/100g","Snacks, Cookies & Crackers",/p/21482376_EA
Premium Quality Roasted Peanut in Shell,$4.99 ,$4.99 ,"908 g, $0.55/100g","Snacks, Cookies & Crackers",/p/21003534_EA
Bhel Puri Bombay Mix,$3.99 ,$3.99 ,"300 g, $1.33/100g","Snacks, Cookies & Crackers",20370751005_EA
Soya Sticks,$1.79 ,$1.79 ,"150 g, $1.19/100g","Snacks, Cookies & Crackers",/p/21471288_EA
Indian Snacks Corn Flakes Mixture,$3.99 ,$3.99 ,"350 g, $1.14/100g","Snacks, Cookies & Crackers",20370751006_EA
Coconut Short Bread Cookie,$3.99 ,$3.99 ,"0.35 kg, $1.14/100g","Snacks, Cookies & Crackers",/p/20820643_EA
Roasted Peanuts Classic Salted   ,$1.99 ,$1.99 ,"160 g, $1.24/100g","Snacks, Cookies & Crackers",/p/21155179_EA
Sev Fine Chick Pea Flour Twigs,$2.99 ,$2.99 ,"341 g, $0.88/100g","Snacks, Cookies & Crackers",20313591002_EA
Indian Snacks Chutney Chataka Namkeen,$1.79 ,$1.79 ,"115 g, $1.56/100g","Snacks, Cookies & Crackers",/p/21286173_EA
Indian Sweets Gulab Jamun,$7.49 ,$7.49 ,"1 kg, $0.75/100g","Snacks, Cookies & Crackers",/p/20018085_EA
Rasgulla,$7.49 ,$7.49 ,"1 kg, $0.75/100g","Snacks, Cookies & Crackers",/p/20037017_EA
"Punjabi Biscuits, Vegetarian",$6.19 ,$6.19 ,"1.1 kg, $0.56/100g","Snacks, Cookies & Crackers",/p/21052448_EA
Indian Sweets Soan Papdi,$3.49 ,$3.49 ,"250 g, $1.40/100g","Snacks, Cookies & Crackers",/p/20142189_EA
Punjabi Cookies,$6.99 ,$6.99 ,"620 g, $1.13/100g","Snacks, Cookies & Crackers",/p/20855546_EA
Spicy Masala Peanuts,$1.79 ,$1.79 ,"150 g, $1.19/100g","Snacks, Cookies & Crackers",/p/21471409_EA
Treat Wafers Chocolate,$1.69 ,$1.69 ,"150 g, $1.13/100g","Snacks, Cookies & Crackers",/p/21466086_EA
Soan Papdi Indian Sweets,$5.29 ,$5.29 ,"500 g, $1.06/100g","Snacks, Cookies & Crackers",/p/20095046_EA
Cake Rusk,$5.99 ,$5.99 ,"650 g, $0.92/100g","Snacks, Cookies & Crackers",/p/21283988_EA
Samosa,$1.79 ,$1.79 ,"150 g, $1.19/100g","Snacks, Cookies & Crackers",20589277002_EA
Tasty Nuts,$3.99 ,$3.99 ,"350 g, $1.14/100g","Snacks, Cookies & Crackers",20370751007_EA
Peanut Chikki,$3.99 ,$3.99 ,"400 g, $1.00/100g","Snacks, Cookies & Crackers",/p/20876115_EA
Spicy Chilli Crunch Tubes   ,$1.49 ,$1.49 ,"80 g, $1.86/100g","Snacks, Cookies & Crackers",/p/21288906_EA
Punjabi Cookies,$7.99 ,$7.99 ,"1.13 kg, $0.71/100g","Snacks, Cookies & Crackers",/p/21284062_EA
All In One,$3.99 ,$3.99 ,"350 g, $1.14/100g","Snacks, Cookies & Crackers",/p/20588664_EA
Panchratan Mixture,$1.99 ,$1.99 ,"90 g, $2.21/100g","Snacks, Cookies & Crackers",/p/21471379_EA
Indian Snacks Pani Puri Water Balls,$6.49 ,$6.49 ,"275 g, $2.36/100g","Snacks, Cookies & Crackers",/p/20012989_EA
Moong Dal,$3.99 ,$3.99 ,"350 g, $1.14/100g","Snacks, Cookies & Crackers",20370751001_EA
Treat Wafers Hazelnut,$1.69 ,$1.69 ,"150 g, $1.13/100g","Snacks, Cookies & Crackers",/p/21467672_EA
Dry Petha,$4.99 ,$4.99 ,"400 g, $1.25/100g","Snacks, Cookies & Crackers",/p/20714163_EA
Spicy Garlic Peas,$3.19 ,$3.19 ,"341 g, $0.94/100g","Snacks, Cookies & Crackers",20785692004_EA
Indian Snacks Chatpata Masala Namkeen,$1.79 ,$1.79 ,"115 g, $1.56/100g","Snacks, Cookies & Crackers",/p/21286142_EA
Cake Rusk,$5.79 ,$5.79 ,"800 g, $0.72/100g","Snacks, Cookies & Crackers",/p/21481514_EA
Puffed Rice Brittle Mamra Chikki,$1.49 ,$1.49 ,"100 g, $1.49/100g","Snacks, Cookies & Crackers",/p/20173978_EA
Soya Sticks Magic Masala,$2.49 ,$2.49 ,"180 g, $1.38/100g","Snacks, Cookies & Crackers",/p/21307548_EA
Little Hearts Classic,$11.99 ,$11.99 ,"750 g, $1.60/100g","Snacks, Cookies & Crackers",/p/21344080_EA
Spicy Garlic Peas,$3.19 ,$3.19 ,"341 g, $0.94/100g","Snacks, Cookies & Crackers",20785692004_EA
Little Hearts Classic,$11.99 ,$11.99 ,"750 g, $1.60/100g","Snacks, Cookies & Crackers",/p/21344080_EA
Naan Original 5 Flatbreads,$3.29 ,$3.29 ,"500 g, $0.66/100g",Bakery,/p/21051353_EA
"Naan Original Flatbreads, 10 pack",$5.00 ,$5.00 ,"1 ea, $5.00/1ea",Bakery,/p/20342261_EA
Naan Garlic 5 Flatbreads,$3.29 ,$3.29 ,"500 g, $0.66/100g",Bakery,/p/21050380_EA
Naan Garlic Flatbreads,$5.00 ,$5.00 ,"1 kg, $0.50/100g",Bakery,/p/20343319_EA
"Roti Wrap Whole Wheat, 15pieces",$3.99 ,$3.99 ,"750 g, $0.53/100g",Bakery,/p/21195569_EA
"Roti Wrap Original, 15pieces",$3.99 ,$3.99 ,"750 g, $0.53/100g",Bakery,/p/21195607_EA
Naan Whole Wheat 5 Flatbreads,$3.29 ,$3.29 ,"500 g, $0.66/100g",Bakery,/p/21051030_EA
"Vegetable Samosa, 2 pack",$6.19 ,$6.19 ,"280 g, $1.88/100g",Bakery,/p/21065808_EA
"Chicken Samosa, 2 pack",$6.19 ,$6.19 ,"280 g, $1.88/100g",Bakery,/p/21065805_EA
"Beef Samosa, 2Pack",$6.19 ,$6.19 ,"280 g, $1.88/100g",Bakery,/p/21065806_EA
"Vegetable Samosas, 5 pack",$12.99 ,$12.99 ,"700 g, $1.62/100g",Bakery,/p/21065724_EA
"Beef Samosas, 5 pack",$12.99 ,$12.99 ,"700 g, $1.62/100g",Bakery,/p/21065770_EA
"Chicken Samosas, 5 pack",$12.99 ,$12.99 ,"700 g, $1.62/100g",Bakery,/p/21065768_EA
"Cumin Seeds, Jeera",$4.99 ,$4.99 ,"400 g, $1.25/100g",Spices & Seasonings,/p/20618061_EA
Ground Turmeric ,$3.79 ,$3.79 ,"400 g, $0.95/100g",Spices & Seasonings,/p/20617737_EA
Iodized Himalayan Pink Salt ,$7.99 ,$7.99 ,"2 kg, $0.40/100g",Spices & Seasonings,/p/21357761_EA
"Cinnamon Sticks, Dalchini",$2.79 ,$2.79 ,"100 g, $2.79/100g",Spices & Seasonings,/p/20617830_EA
Crushed Chillies,$2.79 ,$2.79 ,"200 g, $1.40/100g",Spices & Seasonings,/p/20617710_EA
Fennel Seed ,$3.49 ,$3.49 ,"250 g, $1.40/100g",Spices & Seasonings,/p/20618261_EA
Green Cardamom Seed ,$3.49 ,$3.49 ,"50 g, $6.98/100g",Spices & Seasonings,/p/20618034_EA
Cloves,$3.29 ,$3.29 ,"75 g, $4.39/100g",Spices & Seasonings,/p/20713454_EA
Coriander Seed ,$1.49 ,$1.49 ,"100 g, $1.49/100g",Spices & Seasonings,/p/20189825_EA
Crispy Fried Onions,$4.49 ,$4.49 ,"400 g, $1.12/100g",Spices & Seasonings,/p/20101586_EA
"Black Peppercorns, Kali Mirch",$3.49 ,$3.49 ,"100 g, $3.49/100g",Spices & Seasonings,/p/20618777_EA
"Ground Cumin, Pisa Jeera",$4.29 ,$4.29 ,"400 g, $1.07/100g",Spices & Seasonings,/p/20618031_EA
Bay Leaves,$1.49 ,$1.49 ,"25 g, $5.96/100g",Spices & Seasonings,/p/20751053_EA
"Chilli Powder, Hot",$3.99 ,$3.99 ,"400 g, $1.00/100g",Spices & Seasonings,/p/20617703_EA
"Red Chili Peppers, Lal Mirch",$1.99 ,$1.99 ,"100 g, $1.99/100g",Spices & Seasonings,/p/20755942_EA
Garam Masala,$3.79 ,$3.79 ,"400 g, $0.95/100g",Spices & Seasonings,/p/20617719_EA
Black Cardamom Seeds,$3.29 ,$3.29 ,"50 g, $6.58/100g",Spices & Seasonings,/p/20617718_EA
Madras Curry Powder (Mild),$3.79 ,$3.79 ,"400 g, $0.95/100g",Spices & Seasonings,/p/20617944_EA
Special Bombay Biryani Mix,$1.79 ,$2.29 ,"60 g, $2.98/100g",Spices & Seasonings,20323215002_EA
Ground Coriander ,$2.79 ,$2.79 ,"300 g, $0.93/100g",Spices & Seasonings,/p/20617715_EA
Paprika,$5.29 ,$5.29 ,"400 g, $1.32/100g",Spices & Seasonings,/p/20617712_EA
Tamarind Without Seeds,$3.99 ,$3.99 ,"400 g, $1.00/100g",Spices & Seasonings,/p/20713005_EA
Ground Coriander ,$1.49 ,$1.49 ,"100 g, $1.49/100g",Spices & Seasonings,/p/20618679_EA
"Carom Seeds, Ajwain",$1.99 ,$1.99 ,"100 g, $1.99/100g",Spices & Seasonings,/p/20618066_EA
Tandoori Chicken BBQ Spice Mix,$1.79 ,$2.29 ,"50 g, $3.58/100g",Spices & Seasonings,20160022001_EA
Black Mustard Seed ,$1.99 ,$1.99 ,"200 g, $1.00/100g",Spices & Seasonings,/p/20714822_EA
Himalayan Pink Salt  ,$2.49 ,$2.49 ,"500 g, $0.50/100g",Spices & Seasonings,/p/21371883_EA
Himalayan Pink Salt ,$3.99 ,$3.99 ,"1 kg, $0.40/100g",Spices & Seasonings,/p/21371876_EA
"Kasoori, Methi",$3.29 ,$3.29 ,"100 g, $3.29/100g",Spices & Seasonings,/p/20098577_EA
Sindhi Biryani Spice Mix,$1.79 ,$2.29 ,"65 g, $2.75/100g",Spices & Seasonings,20323215008_EA
Fennel Seeds,$8.79 ,$8.79 ,"750 g, $1.17/100g",Spices & Seasonings,/p/20617959_EA
"Fenugreek Seeds, Methi Dana",$2.49 ,$2.49 ,"400 g, $0.62/100g",Spices & Seasonings,/p/20618782_EA
Turmeric Ground,$6.49 ,$6.49 ,"1 kg, $0.65/100g",Spices & Seasonings,/p/20145962_EA
"Ground Black Pepper, Kali Mirch",$11.99 ,$11.99 ,"400 g, $3.00/100g",Spices & Seasonings,/p/20618050_EA
"Cumin Seeds, Jeera",$10.49 ,$10.49 ,"1 kg, $1.05/100g",Spices & Seasonings,/p/20618781_EA
Ground Cardamom ,$4.79 ,$4.79 ,"75 g, $6.39/100g",Spices & Seasonings,/p/20618064_EA
Chicken Tikka BBQ Spice Mix,$1.79 ,$2.29 ,"50 g, $3.58/100g",Spices & Seasonings,20160022002_EA
Butter Chicken Spice Mix,$1.79 ,$2.29 ,"50 g, $3.58/100g",Spices & Seasonings,20323215001_EA
Ground Ginger ,$3.29 ,$3.29 ,"200 g, $1.65/100g",Spices & Seasonings,/p/20617962_EA
Chaat Masala Seasoning Mix,$2.29 ,$2.29 ,"100 g, $2.29/100g",Spices & Seasonings,20871089001_EA
"Rice Flakes, Poha",$2.29 ,$2.29 ,"300 g, $0.76/100g",Spices & Seasonings,/p/20080594_EA
Punjabi Shakkar Poudre de Jaggery 1 kg,$3.99 ,$3.99 ,"1 kg, $0.40/100g",Spices & Seasonings,/p/20879945_EA
Tandoori Masala,$1.99 ,$1.99 ,"100 g, $1.99/100g",Spices & Seasonings,/p/20617966_EA
Brown Mustard Seed ,$1.79 ,$1.79 ,"100 g, $1.79/100g",Spices & Seasonings,/p/20617742_EA
Crushed Chili Peppers ,$5.99 ,$5.99 ,"500 g, $1.20/100g",Spices & Seasonings,/p/20618776_EA
"Chili Powder, Hot",$7.99 ,$7.99 ,"1 kg, $0.80/100g",Spices & Seasonings,/p/20617967_EA
Kashmiri Style Red Chilli Powder,$6.99 ,$6.99 ,"400 g, $1.75/100g",Spices & Seasonings,/p/21160565_EA
"Mustard Seeds, Yellow",$1.49 ,$1.49 ,"100 g, $1.49/100g",Spices & Seasonings,/p/20618035_EA
Punjabi Garam Masala,$3.99 ,$3.99 ,"400 g, $1.00/100g",Spices & Seasonings,/p/21160572_EA
Powder Pomegranate,$2.99 ,$2.99 ,"200 g, $1.50/100g",Spices & Seasonings,/p/20714184_EA
Ground Black Pepper,$23.99 ,$23.99 ,"1 kg, $2.40/100g",Spices & Seasonings,/p/21160322_EA
Nihari Curry Spice Mix,$1.79 ,$2.29 ,"60 g, $2.98/100g",Spices & Seasonings,20323215004_EA
Chicken Curry Masala,$2.29 ,$2.29 ,"100 g, $2.29/100g",Spices & Seasonings,/p/20687433_EA
Ground Nutmeg ,$4.79 ,$4.79 ,"100 g, $4.79/100g",Spices & Seasonings,/p/20617708_EA
Chutney Podina Powder,$2.29 ,$2.29 ,"100 g, $2.29/100g",Spices & Seasonings,20854532003_EA
Pakora Masala,$2.29 ,$2.29 ,"100 g, $2.29/100g",Spices & Seasonings,20854532007_EA
Amchur Powder,$2.29 ,$2.29 ,"100 g, $2.29/100g",Spices & Seasonings,20854624001_EA
Garlic Flakes,$2.99 ,$2.99 ,"200 g, $1.50/100g",Spices & Seasonings,/p/20618365_EA
Amchoor Powder Mango Powder ,$1.99 ,$1.99 ,"100 g, $1.99/100g",Spices & Seasonings,/p/20618075_EA
Arhar Dal Masala,$2.29 ,$2.29 ,"100 g, $2.29/100g",Spices & Seasonings,20854532001_EA
Bombay Biryani Masala,$2.29 ,$2.29 ,"100 g, $2.29/100g",Spices & Seasonings,20854614001_EA
Ground Coriander Dhaniya,$5.99 ,$5.99 ,"800 g, $0.75/100g",Spices & Seasonings,/p/21160339_EA
Recipe & Seasoning Mix Karahi,$1.79 ,$2.29 ,"50 g, $3.58/100g",Spices & Seasonings,20323215006_EA
Kashmiri Mirch Masala,$2.29 ,$2.29 ,"100 g, $2.29/100g",Spices & Seasonings,20854532006_EA
Kalonji Seed ,$2.49 ,$2.49 ,"200 g, $1.25/100g",Spices & Seasonings,/p/20714049_EA
Sambar Masala Spice Mix,$2.29 ,$2.29 ,"100 g, $2.29/100g",Spices & Seasonings,20854690005_EA
Spice Mix Bbq,$13.19 ,$13.19 ,"710 g, $1.86/100g",Spices & Seasonings,/p/21435948_EA
Black Peppercorn,$11.99 ,$11.99 ,"400 g, $3.00/100g",Spices & Seasonings,/p/21160286_EA
"Tikka Seekh Kebab, BBQ",$1.79 ,$2.29 ,"50 g, $3.58/100g",Spices & Seasonings,20323215007_EA
Pickling Spices,$2.79 ,$2.79 ,"200 g, $1.40/100g",Spices & Seasonings,/p/20617738_EA
Spice Mix Tandoori Masala,$13.19 ,$13.19 ,"710 g, $1.86/100g",Spices & Seasonings,/p/21436306_EA
Sabji Masala,$2.29 ,$2.29 ,"100 g, $2.29/100g",Spices & Seasonings,20854614003_EA
Baingan Bartha Masala,$2.29 ,$2.29 ,"100 g, $2.29/100g",Spices & Seasonings,20854532002_EA
Recipe & Seasoning Mix Chapli Kabab,$1.79 ,$2.29 ,"100 g, $1.79/100g",Spices & Seasonings,20160022004_EA
Chana Masala,$2.29 ,$2.29 ,"100 g, $2.29/100g",Spices & Seasonings,/p/20687752_EA
Kala Namak Black Salt Powder,$3.29 ,$3.29 ,"400 g, $0.82/100g",Spices & Seasonings,/p/21160342_EA
Korma Curry Spice Mix,$1.79 ,$2.29 ,"50 g, $3.58/100g",Spices & Seasonings,20323215003_EA
"Spice Mix, Butter Chicken Masala",$3.29 ,$3.29 ,"100 g, $3.29/100g",Spices & Seasonings,/p/20707277_EA
Shahi Paneer Masala,$2.29 ,$2.29 ,"100 g, $2.29/100g",Spices & Seasonings,20854624002_EA
Chicken Curry Mix,$1.79 ,$2.29 ,"50 g, $3.58/100g",Spices & Seasonings,20323215005_EA
Fish Curry Masala,$2.29 ,$2.29 ,"100 g, $2.29/100g",Spices & Seasonings,20854690002_EA
Anchar Gosht Masala Mix,$1.79 ,$2.29 ,"50 g, $3.58/100g",Spices & Seasonings,20160022003_EA
Masala Meat Curry,$2.29 ,$2.29 ,"100 g, $2.29/100g",Spices & Seasonings,/p/20707275_EA
New Treasure Long Grain Parboiled Rice,$17.99 ,$17.99 ,"8 kg, $0.22/100g","Rice, Lentils & Beans",/p/20118067_EA
Parboiled Rice,$8.99 ,$8.99 ,"4 kg, $0.22/100g","Rice, Lentils & Beans",/p/20569736_EA
New Treasure Long Grain White Rice,$8.99 ,$8.99 ,"4 kg, $0.22/100g","Rice, Lentils & Beans",/p/20569712_EA
Rice Par-Boiled Long Grain,$17.99 ,$17.99 ,"8 kg, $0.22/100g","Rice, Lentils & Beans",/p/21507385_EA
New Treasure Long Grain Patna Rice,$17.99 ,$17.99 ,"8 kg, $0.22/100g","Rice, Lentils & Beans",/p/20050946_EA
Rice Long Grain,$17.99 ,$17.99 ,"8 kg, $0.22/100g","Rice, Lentils & Beans",/p/21507384_EA
Pigeon Peas ,$3.29 ,$3.29 ,"800 g, $0.41/100g","Rice, Lentils & Beans",/p/20601821_EA
Plantain Chips,$0.99 ,$1.19 ,"85 g, $1.16/100g","Snacks, Cookies & Crackers",/p/20603025_EA
Sweet Plantain Chips,$0.99 ,$1.19 ,"85 g, $1.16/100g","Snacks, Cookies & Crackers",20602609002_EA
Green Banana Chips,$0.99 ,$1.19 ,"85 g, $1.16/100g","Snacks, Cookies & Crackers",20602609001_EA
Biscuits with Malt,$1.79 ,$1.79 ,"150 g, $1.19/100g","Snacks, Cookies & Crackers",/p/20118969_EA
Jamaican Water Crackers,$2.29 ,$2.29 ,"300 g, $0.76/100g","Snacks, Cookies & Crackers",/p/20040825_EA
"Plantain Chips, Salted",$4.19 ,$4.19 ,"200 g, $2.10/100g","Snacks, Cookies & Crackers",/p/20996526_EA
"Plantain Chips, Spicy",$4.19 ,$4.19 ,"200 g, $2.10/100g","Snacks, Cookies & Crackers",/p/20996869_EA
Soft Caramel And Crisped Rice In Milk Chocolate,$1.79 ,$1.79 ,"50 g, $3.58/100g","Snacks, Cookies & Crackers",/p/21450230_EA
Milk Chocolate With Rum And Raisins,$1.79 ,$1.79 ,"50 g, $3.58/100g","Snacks, Cookies & Crackers",/p/21450234_EA
Tiki Gold Coconut Craze,$1.49 ,$1.49 ,"30 g, $4.97/100g","Snacks, Cookies & Crackers",/p/21450219_EA
Tiki Gold Hazelnut,$1.49 ,$1.49 ,"28 g, $5.32/100g","Snacks, Cookies & Crackers",/p/21450222_EA
Pre-Cooked White Corn Meal,$3.99 ,$3.99 ,"1 kg, $0.40/100g",Baking & Flour,/p/20945705_EA
Pre-Cooked Yellow Corn Meal,$3.99 ,$3.99 ,"1 kg, $0.40/100g",Baking & Flour,/p/20945695_EA
Yellow Cornmeal,$3.49 ,$3.49 ,"2 kg, $0.17/100g",Baking & Flour,/p/20002703_EA
All Purpose Seasoning,$5.49 ,$5.49 ,"900 g, $0.61/100g",Spices & Seasonings,/p/20311973_EA
Caribbean Spice & Roasted Garlic,$5.49 ,$5.49 ,"800 g, $0.69/100g",Spices & Seasonings,/p/20322064_EA
Turbinado Sugar,$3.99 ,$3.99 ,"800 g, $0.50/100g",Spices & Seasonings,/p/20417216_EA
Jamaican Curry Powder,$5.49 ,$5.49 ,"500 g, $1.10/100g",Spices & Seasonings,/p/20297061_EA
Jerk Seasoning,$5.29 ,$5.29 ,"800 g, $0.66/100g",Spices & Seasonings,/p/20691617_EA
Season-Up! Powdered Seasoning All Purpose,$4.99 ,$4.99 ,"200 g, $2.50/100g",Spices & Seasonings,/p/21450733_EA
Bag N' Cook Dry Rub Seasoning With Oven Bag Mild Jamaican Jerk,$2.99 ,$2.99 ,"35 g, $8.54/100g",Spices & Seasonings,/p/21450731_EA
Granulated Onion Powder,$4.99 ,$4.99 ,"200 g, $2.50/100g",Spices & Seasonings,/p/20057211_EA
Organic Coconut Sugar,$8.99 ,$8.99 ,"500 g, $1.80/100g",Spices & Seasonings,/p/20693092_EA
Monosodium Glutamate,$4.99 ,$4.99 ,"300 g, $1.66/100g",Spices & Seasonings,/p/20301804_EA
All Purpose and Natural Seasoning,$5.29 ,$5.29 ,"260 g, $2.65/100g",Spices & Seasonings,/p/20417214_EA
Demerara Style Brown Sugar,$4.29 ,$4.29 ,"800 g, $0.54/100g",Spices & Seasonings,/p/20767273_EA
"Garlic, Pepper & Herbs",$5.29 ,$5.29 ,"250 g, $2.12/100g",Spices & Seasonings,/p/20417211_EA
Curry Powder,$1.99 ,$1.99 ,"85 g, $2.34/100g",Spices & Seasonings,20318256001_EA
Bag N' Cook Dry Rub Seasoning With Oven Bag Hot Jamaican Jerk,$2.99 ,$2.99 ,"35 g, $8.54/100g",Spices & Seasonings,/p/21450730_EA
Meat Seasoning,$5.49 ,$5.49 ,"900 g, $0.65/100g",Spices & Seasonings,/p/20319097_EA
"Seasoning, Chow Mein",$1.19 ,$1.19 ,"40 g, $2.98/100g",Spices & Seasonings,20881102003_EA
Golden Sugar,$3.99 ,$3.99 ,"800 g, $0.50/100g",Spices & Seasonings,20069256002_EA
Rice & Peas Seasoning,$4.99 ,$4.99 ,"350 g, $1.43/100g",Spices & Seasonings,/p/20006823_EA
Fish Seasoning,$3.99 ,$3.99 ,"350 g, $1.14/100g",Spices & Seasonings,/p/20322879_EA
Hot and Spicy Duck Goat Curry,$1.99 ,$1.99 ,"85 g, $2.34/100g",Spices & Seasonings,20318256007_EA
"Seasoning, All Purpose",$1.19 ,$1.19 ,"40 g, $2.98/100g",Spices & Seasonings,20881102001_EA
Ox Tail Seasoning,$3.99 ,$3.99 ,"330 g, $1.21/100g",Spices & Seasonings,20182863002_EA
Madras Curry,$1.99 ,$1.99 ,"85 g, $2.34/100g",Spices & Seasonings,20318256002_EA
Saffron Powder,$1.99 ,$1.99 ,"85 g, $2.34/100g",Spices & Seasonings,20318256006_EA
Goat Curry Powder,$5.99 ,$5.99 ,"500 g, $1.20/100g",Spices & Seasonings,/p/20253678_EA
Ackee & Salt Fish Seasoning,$4.49 ,$4.49 ,"300 g, $1.50/100g",Spices & Seasonings,/p/20417215_EA
Garam Massala Hot,$1.99 ,$1.99 ,"85 g, $2.34/100g",Spices & Seasonings,20318256004_EA
Ground Massala ,$1.99 ,$1.99 ,"85 g, $2.34/100g",Spices & Seasonings,20318256003_EA
Duck and Goat Curry,$1.99 ,$1.99 ,"85 g, $2.34/100g",Spices & Seasonings,20326488002_EA
Ground Cumin Seeds Roasted Geera,$1.99 ,$1.99 ,"85 g, $2.34/100g",Spices & Seasonings,20318256005_EA
Boneless Skinless Chicken Breasts,$15.00 ,$15.00 ,"645 g, $2.33/100g",Meat,/p/21430678_EA
Chicken Wieners Original,$2.49 ,$2.49 ,"450 g, $0.55/100g",Meat,/p/20006571_EA
Bone-in Skin-on Chicken Thighs,$8.00 ,$8.00 ,"840 g, $0.95/100g",Meat,/p/21430680_EA
Halal Whole Chicken,$13.00 ,$13.00 ,"1.55 kg, $0.84/100g",Meat,/p/21430673_EA
Skin-on Chicken Legs,$9.00 ,$9.00 ,"1.28 kg, $0.70/100g",Meat,/p/21430676_EA
Boneless Skinless Chicken Breasts,$27.00 ,$27.00 ,"1.505 kg, $1.79/100g",Meat,/p/21430671_EA
"Chicken Drumsticks, Halal",$8.00 ,$8.00 ,"840 g, $0.95/100g",Meat,/p/21427840_EA
"Chicken Thigh, Club Pack",$14.00 ,$14.00 ,"1.54 kg, $0.91/100g",Meat,/p/21430672_EA
Extra Lean Ground Chicken,$8.00 ,$8.00 ,"454 g, $1.76/100g",Meat,/p/21430675_EA
Chicken Bologna,$3.99 ,$3.99 ,"375 g, $10.64/1kg",Meat,/p/20088355_EA
Skin-on Chicken Drumsticks,$14.00 ,$14.00 ,"1.575 kg, $0.89/100g",Meat,/p/21430674_EA
Chicken Legs,$12.00 ,$12.00 ,"1.6 kg, $0.75/100g",Meat,/p/21430677_EA
"Halal Hot Dog, Supreme",$5.49 ,$6.49 ,"900 g, $0.61/100g",Meat,/p/20911445_EA
Free From Lean Ground Lamb,$10.99 ,$10.99 ,"454 g, $2.42/100g",Meat,/p/21352008_EA
Halal Lean Ground Beef,$8.61 ,$8.61 ,$14.31/1kg,Meat,/p/20936905_KG
Chicken Breakfast Strips,$6.99 ,$6.99 ,"375 g, $1.86/100g",Meat,/p/20105121_EA
Spicy Supreme Chicken Frankfurters,$5.49 ,$6.49 ,"900 g, $0.61/100g",Meat,/p/21023379_EA
Halal Chicken Nuggets,$10.00 ,$10.00 ,"840 g, $1.19/100g",Meat,/p/21179709_EA
Halal Chicken Wings,$24.00 ,$24.00 ,"2 kg, $1.20/100g",Meat,/p/21430606_EA
Sliced Smoked Halal Chicken Breast Roast,$4.99 ,$4.99 ,"200 g, $2.50/100g",Meat,/p/20911558_EA
Chicken Breast Nuggets,$11.99 ,$11.99 ,"800 g, $1.50/100g",Meat,/p/21192505_EA
Halal Chicken Strips,$10.00 ,$10.00 ,"840 g, $1.19/100g",Meat,/p/21179707_EA
Free From Australian Lamb Boneless Leg ,$33.44 ,$33.44 ,$24.23/1kg,Meat,/p/20664359_KG
Halal Breaded Chicken Burgers,$10.00 ,$10.00 ,"828 g, $1.21/100g",Meat,/p/21179710_EA
Halal Chicken Wieners,$3.99 ,$3.99 ,"450 g, $0.89/100g",Meat,/p/21020677_EA
Sliced Cooked Chicken Breast Roast,$4.99 ,$4.99 ,"200 g, $2.50/100g",Meat,/p/20911611_EA
Chicken Breast Strips,$11.99 ,$11.99 ,"800 g, $1.50/100g",Meat,/p/21192652_EA
Halal Sliced Chicken Bologna,$6.49 ,$6.49 ,"500 g, $1.30/100g",Meat,/p/21020646_EA
Breaded Chicken Burgers,$11.99 ,$11.99 ,"800 g, $1.50/100g",Meat,/p/21192447_EA
Supreme Crunch Halal Spicy Chicken Burgers,$12.99 ,$12.99 ,"600 g, $2.17/100g",Meat,/p/21378658_EA
Free From Australian Lamb Shanks,$21.28 ,$21.28 ,$18.72/1kg,Meat,/p/20798674_KG
Chicken Burgers,$11.99 ,$11.99 ,"908 g, $1.32/100g",Meat,/p/20122720_EA
Halal Stewing Beef,$13.22 ,$13.22 ,$26.43/1kg,Meat,/p/20936058_KG
Free From Australian Lamb Frenched Rack,$30.41 ,$30.41 ,$50.69/1kg,Meat,/p/20660950_KG
Halal Stuffed Chicken Mozzarella,$10.00 ,$10.00 ,"568 g, $1.76/100g",Meat,/p/21094337_EA
Halal Chicken Breast Strips,$5.99 ,$5.99 ,"375 g, $1.60/100g",Meat,/p/21021507_EA
Frozen Popcorn Chicken,$11.99 ,$11.99 ,"800 g, $1.50/100g",Meat,/p/21192438_EA
Spicy Italian Fully-Cooked Sausages,$8.49 ,$8.49 ,"375 g, $2.26/100g",Meat,/p/21378960_EA
Free From Rosemary and Garlic Australian Lamb,$21.78 ,$21.78 ,$26.43/1kg,Meat,/p/21024953_KG
Halal Beef Burgers,$18.00 ,$18.00 ,"907 g, $1.98/100g",Meat,/p/21022798_EA
Chicken Sausages,$8.49 ,$8.49 ,"375 g, $2.26/100g",Meat,/p/21378955_EA
Halal Gf Strip Loin Steak,$8.26 ,$8.26 ,$33.05/1kg,Meat,/p/21397465_KG
Halal Whole Chicken Club Pack,$34.89 ,$34.89 ,$7.03/1kg,Meat,/p/21000965_KG
Free From Greek Australian Lamb Sirloin Roast  ,$21.35 ,$21.35 ,$41.86/1kg,Meat,/p/20772554_KG
Lamb Loin Chops,$12.23 ,$12.23 ,$33.05/1kg,Meat,/p/20646095_KG
Frozen Chicken Fries,$11.99 ,$11.99 ,"800 g, $1.50/100g",Meat,/p/21192622_EA
Beef Burger,$15.99 ,$15.99 ,"907 g, $1.76/100g",Meat,/p/20327743_EA
Top Sirloin Steak,$28.64 ,$28.64 ,$28.64/1kg,Meat,/p/21397476_KG
Halal Barbeque Chicken Wings,$17.99 ,$17.99 ,"908 g, $1.98/100g",Meat,/p/20503453_EA
Goat Stew Bone In,$21.99 ,$21.99 ,"1 kg, $2.20/100g",Meat,/p/20143053_EA
Lamb Shoulder Chops,$17.69 ,$17.69 ,$24.23/1kg,Meat,/p/20649127_KG
"Lamb Leg, Short Cut",$42.81 ,$42.81 ,$17.62/1kg,Meat,/p/20062547_KG
Halal Frozen Turkey,$40.91 ,$40.91 ,$7.69/1kg,Meat,/p/21033544_KG
Fresh Lamb Leg - Short Cut,$42.15 ,$42.15 ,$17.62/1kg,Meat,/p/20819288_KG
Free From Rosemary and Garlic Frenched Rack Australian Lamb,$31.23 ,$31.23 ,$57.30/1kg,Meat,/p/20659059_KG
Whole Lamb Shoulder Chop,$44.50 ,$44.50 ,$19.82/1kg,Meat,/p/20053105_KG
Bone in Lamb Stew,$26.99 ,$26.99 ,"1.25 kg, $2.16/100g",Meat,/p/20007461_EA
"Short Loin Saddle of Lamb, Fresh",$19.38 ,$19.38 ,$24.23/1kg,Meat,/p/20672318_KG
Lamb Rack Frenched Frozen,$23.42 ,$23.42 ,$48.48/1kg,Meat,/p/20082875_KG
"Free From Halal Fresh Lamb Shoulder, Square Cut",$19.00 ,$19.00 ,$15.41/1kg,Meat,/p/20668039_KG
Free From Short Cut Leg Australian Lamb,$48.63 ,$48.63 ,$17.62/1kg,Meat,/p/20819368_KG
Buffalo Wings Spicy,$17.99 ,$17.99 ,"908 g, $1.98/100g",Meat,/p/20503457_EA
Supreme Crunch Halal Spicy Chicken Drumsticks,$11.99 ,$11.99 ,"720 g, $1.67/100g",Meat,/p/21377845_EA
Halloom Semi-Soft Unripened Cheese ,$7.49 ,$7.49 ,"250 g, $3.00/100g",Deli,/p/20563213_EA
Herb & Garlic Halloom,$7.49 ,$7.49 ,"250 g, $3.00/100g",Deli,/p/20558986_EA
Grilling Cheese Plain,$7.99 ,$7.99 ,"160 g, $4.99/100g",Deli,/p/21093684_EA
Grilling Cheese Haloumi With Mediterranean Spices 26% M.F.,$7.99 ,$7.99 ,"160 g, $4.99/100g",Deli,/p/20700411_EA
Halal Plain Yogurt 3% MF,$2.99 ,$2.99 ,"750 g, $0.40/100g",Dairy,/p/20343515_EA
Yogourt Plain 2% M.F.,$2.99 ,$2.99 ,"750 g, $0.40/100g",Dairy,20544362001_EA
Chicken Samosa,$8.49 ,$8.49 ,"320 g, $2.65/100g",Frozen Entrees,/p/21027721_EA
Beef Patties Mild 9 Patties,$11.99 ,$11.99 ,"1.17 kg, $1.02/100g",Frozen Entrees,/p/21162954_EA
Beef Samosa,$8.49 ,$8.49 ,"320 g, $2.65/100g",Frozen Entrees,/p/21027719_EA
Chickpeas,$1.99 ,$1.99 ,"796 ml, $0.25/100ml","Canned, Pickled Food & Olives",/p/21214487_EA
Chickpeas ,$0.99 ,$1.19 ,"540 ml, $0.18/100ml","Canned, Pickled Food & Olives",/p/21214570_EA
Red Kidney Beans,$1.99 ,$1.99 ,"796 ml, $0.25/100ml","Canned, Pickled Food & Olives",/p/21214490_EA
Blaturtle Beans     ,$0.99 ,$1.19 ,"540 ml, $0.18/100ml","Canned, Pickled Food & Olives",/p/21214469_EA
Red Kidney Beans,$0.99 ,$1.19 ,"540 ml, $0.18/100ml","Canned, Pickled Food & Olives",/p/21214481_EA
Salad Bar Mixed Beans,$0.99 ,$1.19 ,"540 ml, $0.18/100ml","Canned, Pickled Food & Olives",/p/21214483_EA
Marinated Artichokes,$7.49 ,$7.49 ,"1 l, $0.75/100ml","Canned, Pickled Food & Olives",/p/20133798_EA
White Kidney Beans,$0.99 ,$1.19 ,"540 ml, $0.18/100ml","Canned, Pickled Food & Olives",/p/21214477_EA
Sliced Pickled Turnips,$3.49 ,$3.99 ,"1 kg, $0.35/100g","Canned, Pickled Food & Olives",/p/21237887_EA
Stuffed Vine Leaves,$3.29 ,$3.29 ,"400 g, $0.82/100g","Canned, Pickled Food & Olives",/p/21406813_EA
Green Olives with Garlic,$11.49 ,$11.49 ,"1 l, $1.15/100ml","Canned, Pickled Food & Olives",/p/20105016_EA
Small Red Beans,$0.99 ,$1.19 ,"540 ml, $0.18/100ml","Canned, Pickled Food & Olives",/p/21214480_EA
Small White Navy Beans,$0.99 ,$1.19 ,"540 ml, $0.18/100ml","Canned, Pickled Food & Olives",/p/21214471_EA
Green Lentils,$0.99 ,$1.19 ,"540 ml, $0.18/100ml","Canned, Pickled Food & Olives",/p/21214470_EA
Faba Beans Foul Medamas,$0.99 ,$1.19 ,"540 ml, $0.18/100ml","Canned, Pickled Food & Olives",/p/21238066_EA
"Lima Beans, Large",$2.49 ,$2.49 ,"540 ml, $0.46/100ml","Canned, Pickled Food & Olives",/p/20299827_EA
Chickpea Dip Hummus,$1.49 ,$1.49 ,"400 g, $0.37/100g","Canned, Pickled Food & Olives",/p/21237885_EA
Corned Beef Halal,$4.99 ,$4.99 ,"340 g, $1.47/100g","Canned, Pickled Food & Olives",/p/21416495_EA
"Red Peppers, Roasted",$4.49 ,$4.49 ,"500 ml, $0.90/100ml","Canned, Pickled Food & Olives",/p/20151155_EA
Chicken Luncheon Meat,$2.99 ,$2.99 ,"340 g, $0.88/100g","Canned, Pickled Food & Olives",/p/21422019_EA
Pinto Beans,$0.99 ,$1.19 ,"540 ml, $0.18/100ml","Canned, Pickled Food & Olives",/p/21214488_EA
Chickpea And Faba Bean Mix  ,$0.99 ,$1.19 ,"540 ml, $0.18/100ml","Canned, Pickled Food & Olives",/p/21214478_EA
Hearts Of Palm Whole,$3.69 ,$3.69 ,"398 ml, $0.93/100ml","Canned, Pickled Food & Olives",/p/21399748_EA
Kalamata Olives,$8.49 ,$9.99 ,"2 l, $0.57/100ml","Canned, Pickled Food & Olives",/p/20020152_EA
Large Lima Beans,$2.29 ,$2.29 ,"540 ml, $0.42/100ml","Canned, Pickled Food & Olives",/p/21214473_EA
Sardines In Sunflower Oil,$1.79 ,$1.79 ,"120 g, $1.49/100g","Canned, Pickled Food & Olives",/p/21450738_EA
Sardines In Sunflower Oil With Chili,$1.79 ,$1.79 ,"120 g, $1.49/100g","Canned, Pickled Food & Olives",/p/21450410_EA
Pickled Cucumbers,$4.49 ,$4.99 ,"1 kg, $0.45/100g","Canned, Pickled Food & Olives",/p/21237981_EA
"Hot Peppers, Long",$2.20 ,$2.20 ,$11.00/1kg,"Canned, Pickled Food & Olives",20749922001_KG
Whole Green Olives in Brine,$9.99 ,$9.99 ,"1.5 l, $0.67/100ml","Canned, Pickled Food & Olives",/p/20573417_EA
"Green Olives, Small",$4.79 ,$5.49 ,"1 l, $0.48/100ml","Canned, Pickled Food & Olives",/p/21238086_EA
Extra Large Faba Beans ,$2.49 ,$2.49 ,"540 ml, $0.46/100ml","Canned, Pickled Food & Olives",/p/21214482_EA
Chicken And Beef Luncheon Meat,$3.19 ,$3.19 ,"340 g, $0.94/100g","Canned, Pickled Food & Olives",/p/21502082_EA
Black Olives,$4.79 ,$5.49 ,"1 l, $0.48/100ml","Canned, Pickled Food & Olives",/p/21238082_EA
Green Olives with Red Pepper Paste ,$5.49 ,$5.49 ,"375 ml, $1.46/100ml","Canned, Pickled Food & Olives",/p/20811855_EA
Faba Beans Foul Mudammas,$1.49 ,$1.49 ,"400 g, $0.37/100g","Canned, Pickled Food & Olives",/p/21238074_EA
Fava Beans,$1.49 ,$1.49 ,"400 g, $0.37/100g","Canned, Pickled Food & Olives",/p/21237987_EA
Pickled Wild Cucumbers,$4.99 ,$5.99 ,"1 kg, $0.50/100g","Canned, Pickled Food & Olives",/p/21237978_EA
Eggplant Dip Baba Ghanoush,$2.69 ,$2.69 ,"380 g, $0.71/100g","Canned, Pickled Food & Olives",/p/21238076_EA
Whole Hearts of Palm,$6.49 ,$6.49 ,"796 ml, $0.82/100ml","Canned, Pickled Food & Olives",/p/20572573_EA
Lebanese Chickpeas,$1.49 ,$1.49 ,"400 g, $0.37/100g","Canned, Pickled Food & Olives",/p/21238002_EA
Dates Medjool,$10.97 ,$12.00 ,"907 g, $1.21/100g","Snacks, Cookies & Crackers",/p/20001686_EA
Pitted Honey Dates,$5.99 ,$5.99 ,"907 g, $0.66/100g","Snacks, Cookies & Crackers",/p/20772841_EA
Dried Turkish Apricots,$4.99 ,$4.99 ,"200 g, $2.50/100g","Snacks, Cookies & Crackers",/p/20037690_EA
Dried Turkish Figs,$3.79 ,$3.79 ,"200 g, $1.90/100g","Snacks, Cookies & Crackers",/p/20599942_EA
Dates Cups,$3.79 ,$3.79 ,"283 g, $1.34/100g","Snacks, Cookies & Crackers",/p/20027160_EA
Bard Valley Natural Delights Pitted Medjool Dates,$9.99 ,$9.99 ,"340 g, $2.94/100g","Snacks, Cookies & Crackers",21097786001_EA
"Sesame Stick, Regular",$3.99 ,$3.99 ,"300 g, $1.33/100g","Snacks, Cookies & Crackers",/p/20559028_EA
Organic Medjool Dates,$10.49 ,$10.49 ,"454 g, $2.31/100g","Snacks, Cookies & Crackers",/p/20337067_EA
BBQ Peanuts,$4.29 ,$4.29 ,"400 g, $1.07/100g","Snacks, Cookies & Crackers",20559118001_EA
Golden Figs,$6.29 ,$6.29 ,"227 g, $2.77/100g","Snacks, Cookies & Crackers",/p/21291694_EA
Organic Dates,$8.49 ,$8.49 ,"340 g, $2.50/100g","Snacks, Cookies & Crackers",21217809001_EA
"Peanuts, Blanched Roasted Salted",$4.29 ,$4.29 ,"400 g, $1.07/100g","Snacks, Cookies & Crackers",20559118003_EA
Natural Almonds,$3.99 ,$4.49 ,"200 g, $2.00/100g","Snacks, Cookies & Crackers",/p/20565042_EA
Coconut Rolled Medjool Dates,$7.99 ,$7.99 ,"340 g, $2.35/100g","Snacks, Cookies & Crackers",/p/20110087_EA
Croissant With Cocoa & Vanilla Filling,$3.49 ,$3.49 ,"185 g, $1.89/100g","Snacks, Cookies & Crackers",20318593001_EA
"Walnuts, Halves & Pieces",$12.00 ,$12.00 ,"454 g, $2.64/100g","Snacks, Cookies & Crackers",/p/20150763_EA
Mini Croissants,$3.49 ,$3.49 ,"185 g, $1.89/100g","Snacks, Cookies & Crackers",20318593002_EA
Natural Almonds,$9.99 ,$9.99 ,"454 g, $2.20/100g","Snacks, Cookies & Crackers",/p/20000533_EA
Ground Flax Seed,$3.99 ,$3.99 ,"907 g, $0.44/100g","Snacks, Cookies & Crackers",20057067002_EA
Mini Medjools Sweet & Salty Almond,$7.99 ,$7.99 ,"340 g, $2.35/100g","Snacks, Cookies & Crackers",/p/21420549_EA
Tea Biscuit Cookies,$1.50 ,$1.50 ,"175 g, $0.86/100g","Snacks, Cookies & Crackers",/p/20861955_EA
Greek String,$6.29 ,$6.29 ,"284 g, $2.21/100g","Snacks, Cookies & Crackers",/p/20024258_EA
Bake It Puff Pastry,$6.79 ,$6.79 ,"850 g, $0.80/100g",Frozen,/p/20997483_EA
Filo Rollini With Spinach And Mizithra And Feta Cheeses,$8.79 ,$8.79 ,"1 kg, $0.88/100g",Frozen,/p/20987495_EA
Filo Rollini With Mizithra And Feta Cheeses,$8.79 ,$8.79 ,"1 kg, $0.88/100g",Frozen,20429901001_EA
Bake It Filo Pastry Med,$4.29 ,$4.29 ,"500 g, $0.86/100g",Frozen,/p/20877732_EA
"Filo Twist, Spinach, Family Size",$8.79 ,$8.79 ,"1 kg, $0.88/100g",Frozen,/p/20987472_EA
Frozen Cut Molokhia,$2.49 ,$2.49 ,"400 g, $0.62/100g",Frozen,/p/20880043_EA
"Filo Twist, Feta Cheese, Family Size",$8.79 ,$8.79 ,"1 kg, $0.88/100g",Frozen,/p/20987499_EA
Frozen Okra,$3.49 ,$3.49 ,"400 g, $0.87/100g",Frozen,/p/20880051_EA
Falafel Bites With Tahini Organic,$8.99 ,$8.99 ,"285 g, $3.15/100g",Frozen,/p/21414093_EA
European Seabream Raw,$12.99 ,$14.99 ,"640 g, $2.03/100g",Frozen,/p/21454791_EA
Mediterranean Sea Bass Raw,$13.99 ,$14.99 ,"640 g, $2.19/100g",Frozen,/p/21333472_EA
Poutine Chicken Shawarma With Garlic Sauce With Quebec Cheese Curds,$9.29 ,$9.29 ,"454 g, $2.05/100g",Frozen,/p/21414255_EA
Mediterranean Beef Croquettes With Hummus,$9.29 ,$9.29 ,"390 g, $2.38/100g",Frozen,/p/21414158_EA
Instant Noodles Mi Goreng Hot & Spicy 5 Packs X 80 G (),$2.88 ,$3.49 ,"5x425.0 g, $0.72/100g","Rice, Noodles & Noodle Soup",/p/21094981_EA
Instant Pancit Canton Chow Mein,$3.49 ,$3.49 ,"360 g, $0.97/100g","Rice, Noodles & Noodle Soup",20689357001_EA
"Supreme Instant Noodles, Artificial Bone Marrow Flavour",$1.79 ,$1.99 ,"65 g, $2.75/100g","Rice, Noodles & Noodle Soup",20346533001_EA
Instant Noodle Soup Bulalo,$1.79 ,$1.99 ,"65 g, $2.75/100g","Rice, Noodles & Noodle Soup",20346533002_EA
Lucky Me Original Chow Mein,$3.49 ,$3.49 ,"360 g, $0.97/100g","Rice, Noodles & Noodle Soup",20689357002_EA
Pancit Canton Chow Mein Noodles Philippine Lemon Flavour,$0.79 ,$0.79 ,"60 g, $1.32/100g","Rice, Noodles & Noodle Soup",20346767001_EA
Instant Cup Noodles Mi Goreng Fried Noodles,$1.79 ,$1.99 ,"75 g, $2.39/100g","Rice, Noodles & Noodle Soup",/p/21094983_EA
Instant Noodle Soup Artificial Chicken Flavour,$0.79 ,$0.79 ,"55 g, $1.44/100g","Rice, Noodles & Noodle Soup",20347474002_EA
"Instant Pancit Canton, Hot",$0.79 ,$0.79 ,"60 g, $1.32/100g","Rice, Noodles & Noodle Soup",20346767003_EA
Instant Noodle Soup Artificial Beef Flavour,$0.79 ,$0.79 ,"55 g, $1.44/100g","Rice, Noodles & Noodle Soup",20347474001_EA
"Lucky Me Supreme Bowl, Pinoy Chicken",$1.79 ,$1.99 ,"65 g, $2.75/100g","Rice, Noodles & Noodle Soup",20346533003_EA
"Instant Noodles, Curry",$3.59 ,$3.59 ,"395 g, $0.91/100g","Rice, Noodles & Noodle Soup",/p/21460368_EA
Jasmine Rice Milagrosa,$17.99 ,$17.99 ,"8 kg, $0.22/100g","Rice, Noodles & Noodle Soup",/p/21338148_EA
M.Y Sans Crackers,$6.48 ,$6.48 ,"800 g, $0.81/100g","Snacks, Cookies & Crackers",/p/21176798_EA
Ding Dong Snack Mix,$0.99 ,$1.29 ,"100 g, $0.99/100g","Snacks, Cookies & Crackers",/p/20873128_EA
Chocolate Wafer Stick,$3.89 ,$3.89 ,"280 g, $1.39/100g","Snacks, Cookies & Crackers",20128194002_EA
"Crackers, Snack Pack",$2.99 ,$2.99 ,"250 g, $1.20/100g","Snacks, Cookies & Crackers",/p/20925691_EA
"Crackers, Strawberry Sandwich    ",$1.89 ,$1.89 ,"175 g, $1.08/100g","Snacks, Cookies & Crackers",/p/20089820_EA
Tsokolate Crackers,$2.49 ,$2.49 ,"300 g, $0.83/100g","Snacks, Cookies & Crackers",/p/21311874_EA
Eggnog Cookies,$1.49 ,$1.79 ,"130 g, $1.15/100g","Snacks, Cookies & Crackers",/p/21086033_EA
Hot 'N Spicy Flavoured Pork Rinds (small bag) 70g,$2.79 ,$2.79 ,"70 g, $3.99/100g","Snacks, Cookies & Crackers",/p/21369189_EA
Original Cheese Flavored Cake,$4.19 ,$4.19 ,"350 g, $1.20/100g","Snacks, Cookies & Crackers",/p/21313293_EA
"Crackers, Mango Cream Sandwich",$1.89 ,$1.89 ,"175 g, $1.08/100g","Snacks, Cookies & Crackers",/p/20028949_EA
Biscuits ABC,$1.99 ,$2.89 ,"180 g, $1.11/100g","Snacks, Cookies & Crackers",/p/21094940_EA
Grahams Honey Graham Crackers,$2.49 ,$2.49 ,"200 g, $1.25/100g","Snacks, Cookies & Crackers",/p/20171785_EA
Turtle Chips Corn Chip Sweet Corn Flavor,$4.19 ,$4.19 ,"160 g, $2.62/100g","Snacks, Cookies & Crackers",/p/21454276_EA
Turtle Chips Snack Chip Chocolate Flavor Choco Churros,$4.19 ,$4.19 ,"160 g, $2.62/100g","Snacks, Cookies & Crackers",/p/21454281_EA
Philippine Shortbread Cookies Pinipig Polvoron,$6.49 ,$6.49 ,"300 g, $2.16/100g","Snacks, Cookies & Crackers",/p/21313450_EA
Chocolate Wafer Stick,$3.79 ,$3.79 ,"350 g, $1.08/100g","Snacks, Cookies & Crackers",/p/21311058_EA
Strawberry Wafer Stick,$3.79 ,$3.79 ,"350 g, $1.08/100g","Snacks, Cookies & Crackers",/p/21311060_EA
Wafer Sticks Ube,$3.79 ,$3.79 ,"350 g, $1.08/100g","Snacks, Cookies & Crackers",/p/21311057_EA
"Sardines, In Tomato Sauce Chili Added ",$1.00 ,$1.00 ,"155 g, $0.65/100g",Canned Food,/p/20774710_EA
Corned Beef,$4.88 ,$5.99 ,"326 g, $1.50/100g",Canned Food,/p/20416342_EA
Sardines In Tomato Sauce,$1.00 ,$1.00 ,"155 g, $0.65/100g",Canned Food,/p/20774942_EA
Tuna Flakes in Oil,$1.89 ,$1.99 ,"180 g, $1.05/100g",Canned Food,/p/21269139_EA
Tocino Flavoured,$3.99 ,$5.49 ,"340 g, $1.17/100g",Canned Food,/p/21450739_EA
Hot Spicy Tuna,$1.89 ,$1.99 ,"180 g, $1.05/100g",Canned Food,/p/21269134_EA
"Sardines in Tomato Sauce, Hot",$1.39 ,$1.39 ,"155 g, $0.90/100g",Canned Food,20162263001_EA
Corned Beef & Garlic,$4.88 ,$5.99 ,"326 g, $1.50/100g",Canned Food,/p/20688317_EA
Corned Beef with Juices,$5.99 ,$5.99 ,"326 g, $1.84/100g",Canned Food,/p/21085689_EA
"Sardines in Tomato Sauce, Regular",$1.39 ,$1.39 ,"155 g, $0.90/100g",Canned Food,20162263002_EA
Tuna Flakes in Calamansi,$1.89 ,$1.99 ,"180 g, $1.05/100g",Canned Food,/p/21269144_EA
San Marino Light Corned Tuna,$2.29 ,$2.49 ,"180 g, $1.27/100g",Canned Food,/p/20875062_EA
Purefoods Corned Beef,$6.99 ,$6.99 ,"340 g, $2.06/100g",Canned Food,/p/20872681_EA
Corned Beef Hash,$5.99 ,$5.99 ,"425 g, $1.41/100g",Canned Food,/p/20687945_EA
Palm Liver Spread,$3.79 ,$3.79 ,"227 g, $1.67/100g",Canned Food,/p/20346473_EA
Chunky Corned Beef,$4.99 ,$5.99 ,"326 g, $1.53/100g",Canned Food,/p/21424467_EA
Tuna,$1.89 ,$1.99 ,"180 g, $1.05/100g",Canned Food,/p/21269130_EA
Mackerel in Tomato Sauce Chili,$6.99 ,$6.99 ,"425 g, $1.64/100g",Canned Food,20103622001_EA
Liver Spread ,$2.99 ,$2.99 ,"78 g, $3.83/100g",Canned Food,/p/21094739_EA
Sardines in Tomato Sauce,$0.99 ,$0.99 ,"155 g, $0.64/100g",Canned Food,/p/21094710_EA
San Marino Corned Tuna,$2.29 ,$2.49 ,"180 g, $1.27/100g",Canned Food,/p/20875063_EA
Mackerel      ,$6.99 ,$6.99 ,"425 g, $1.64/100g",Canned Food,20103622002_EA
Chipotle Peppers in Adobo Sauce,$3.49 ,$3.49 ,"186 ml, $1.88/100ml",Condiments & Salsa,/p/20318080_EA
Refried Pinto Beans,$3.29 ,$3.29 ,"546 ml, $0.60/100ml",Condiments & Salsa,20054076001_EA
Green Mexican Sauce,$4.29 ,$4.29 ,"455 ml, $0.94/100ml",Condiments & Salsa,20318656001_EA
Hot Sauce,$2.99 ,$2.99 ,"370 ml, $0.81/100ml",Condiments & Salsa,20056649002_EA
Pickled Jalapeño Nacho Slices ,$2.99 ,$2.99 ,"477 ml, $0.68/100g",Condiments & Salsa,/p/21365904_EA
Homestyle Mexican Sauce,$4.29 ,$4.29 ,"455 ml, $0.94/100ml",Condiments & Salsa,20318656002_EA
Chipotle Pepper Sauce,$1.69 ,$1.69 ,"200 ml, $0.77/100ml",Condiments & Salsa,/p/20823424_EA
Green Mexican Sauce,$1.99 ,$1.99 ,"215 ml, $0.93/100ml",Condiments & Salsa,/p/20041769_EA
X Hot Sauce,$2.99 ,$2.99 ,"370 ml, $0.81/100ml",Condiments & Salsa,20056649001_EA
"Salsa, Medium",$3.99 ,$3.99 ,"453 g, $0.88/100g",Condiments & Salsa,20322953002_EA
Diced Chipotle Peppers,$4.49 ,$4.49 ,"230 g, $1.95/100g",Condiments & Salsa,/p/21365899_EA
Taquera Sauce,$4.29 ,$4.29 ,"455 ml, $0.94/100ml",Condiments & Salsa,20318656004_EA
Homestyle Mexican Salsa,$1.99 ,$1.99 ,"214 ml, $0.93/100ml",Condiments & Salsa,/p/20309249_EA
Green Pickled Sliced Jalapeno Peppers,$3.49 ,$3.49 ,"330 ml, $1.06/100ml",Condiments & Salsa,/p/20084760_EA
Ranchera Sauce,$4.29 ,$4.29 ,"455 ml, $0.94/100ml",Condiments & Salsa,20318656003_EA
Mole ,$3.99 ,$3.99 ,"255 g, $1.56/100g",Condiments & Salsa,/p/21364453_EA
Jalapeno Peppers,$0.44 ,$0.44 ,$8.80/1kg,Fruits & Vegetables,20088387001_KG
Jalapeno Hot Peppers,$4.00 ,$4.00 ,"226 g, $1.77/100g",Fruits & Vegetables,21454762001_EA
Jalapeno Peppers,$7.00 ,$7.00 ,"2000 ml, $0.35/100ml",Fruits & Vegetables,21042283001_EA
Serrano Hot Peppers,$4.00 ,$4.00 ,"113 g, $3.54/100g",Fruits & Vegetables,21454746001_EA
Poblano Hot Peppers,$4.00 ,$4.00 ,"226 g, $1.77/100g",Fruits & Vegetables,21454747001_EA
Atemoya,$5.49 ,$5.49 ,"1 ea, $5.49/1ea",Fruits & Vegetables,20965690001_EA
Anaheim Hot Peppers,$4.00 ,$4.00 ,"170 g, $2.35/100g",Fruits & Vegetables,21454729001_EA
Red Fresno Hot Peppers,$4.00 ,$4.00 ,"113 g, $3.54/100g",Fruits & Vegetables,21454051001_EA
Yellow Caribe Hot Peppers,$4.00 ,$4.00 ,"226 g, $1.50/100g",Fruits & Vegetables,21454679001_EA
Guava,$4.99 ,$4.99 ,"650 g, $0.77/100g",Fruits & Vegetables,20975633001_EA
Jalapeno Peppers,$0.44 ,$0.44 ,$8.80/1kg,Latin American Foods,20088387001_KG
Jalapeno Hot Peppers,$4.00 ,$4.00 ,"226 g, $1.77/100g",Latin American Foods,21454762001_EA
Chipotle Peppers in Adobo Sauce,$3.49 ,$3.49 ,"186 ml, $1.88/100ml",Latin American Foods,/p/20318080_EA
Refried Pinto Beans,$3.29 ,$3.29 ,"546 ml, $0.60/100ml",Latin American Foods,20054076001_EA
Green Mexican Sauce,$4.29 ,$4.29 ,"455 ml, $0.94/100ml",Latin American Foods,20318656001_EA
Jalapeno Peppers,$7.00 ,$7.00 ,"2000 ml, $0.35/100ml",Latin American Foods,21042283001_EA
Serrano Hot Peppers,$4.00 ,$4.00 ,"113 g, $3.54/100g",Latin American Foods,21454746001_EA
Poblano Hot Peppers,$4.00 ,$4.00 ,"226 g, $1.77/100g",Latin American Foods,21454747001_EA
Hot Sauce,$2.99 ,$2.99 ,"370 ml, $0.81/100ml",Latin American Foods,20056649002_EA
Atemoya,$5.49 ,$5.49 ,"1 ea, $5.49/1ea",Latin American Foods,20965690001_EA
Corn Tostadas Original Flavor With Sea Salt,$3.49 ,$3.49 ,"350 g, $1.00/100g",Latin American Foods,/p/21117787_EA
Pickled Jalapeño Nacho Slices ,$2.99 ,$2.99 ,"477 ml, $0.68/100g",Latin American Foods,/p/21365904_EA
Homestyle Mexican Sauce,$4.29 ,$4.29 ,"455 ml, $0.94/100ml",Latin American Foods,20318656002_EA
Chipotle Pepper Sauce,$1.69 ,$1.69 ,"200 ml, $0.77/100ml",Latin American Foods,/p/20823424_EA
Chili Powder Seasoning,$4.99 ,$4.99 ,"140 g, $3.51/100g",Latin American Foods,/p/20019917_EA
Anaheim Hot Peppers,$4.00 ,$4.00 ,"170 g, $2.35/100g",Latin American Foods,21454729001_EA
Red Fresno Hot Peppers,$4.00 ,$4.00 ,"113 g, $3.54/100g",Latin American Foods,21454051001_EA
Green Mexican Sauce,$1.99 ,$1.99 ,"215 ml, $0.93/100ml",Latin American Foods,/p/20041769_EA
Yellow Caribe Hot Peppers,$4.00 ,$4.00 ,"226 g, $1.50/100g",Latin American Foods,21454679001_EA
Corn Tostadas Jalapeño Flavor With Sea Salt,$3.49 ,$3.49 ,"350 g, $1.00/100g",Latin American Foods,/p/21117797_EA
X Hot Sauce,$2.99 ,$2.99 ,"370 ml, $0.81/100ml",Latin American Foods,20056649001_EA
Beef Empanadas & Chipotle Sauce  (After 11am),$7.00 ,$7.00 ,"255 g, $2.75/100g",Latin American Foods,/p/20824417_EA
"Salsa, Medium",$3.99 ,$3.99 ,"453 g, $0.88/100g",Latin American Foods,20322953002_EA
Diced Chipotle Peppers,$4.49 ,$4.49 ,"230 g, $1.95/100g",Latin American Foods,/p/21365899_EA
Pre Cooked White Corn Flour,$7.99 ,$7.99 ,"2.27 kg, $0.35/100g",Latin American Foods,/p/21019067_EA
Taquera Sauce,$4.29 ,$4.29 ,"455 ml, $0.94/100ml",Latin American Foods,20318656004_EA
Mole ,$3.99 ,$3.99 ,"255 g, $1.56/100g",Latin American Foods,/p/21364453_EA
Corn Tostadas Chipotle Flavor With Sea Salt,$3.49 ,$3.49 ,"350 g, $1.00/100g",Latin American Foods,/p/21117885_EA
Caramel,$5.79 ,$5.79 ,"450 g, $1.29/100g",Latin American Foods,/p/20573570_EA
Green Pickled Sliced Jalapeno Peppers,$3.49 ,$3.49 ,"330 ml, $1.06/100ml",Latin American Foods,/p/20084760_EA
Guava Paste,$2.99 ,$2.99 ,"400 g, $0.75/100g",Latin American Foods,/p/20213757_EA
Homestyle Mexican Salsa,$1.99 ,$1.99 ,"214 ml, $0.93/100ml",Latin American Foods,/p/20309249_EA
Ranchera Sauce,$4.29 ,$4.29 ,"455 ml, $0.94/100ml",Latin American Foods,20318656003_EA
Caramel Spread ,$5.99 ,$5.99 ,"500 g, $1.20/100g",Latin American Foods,/p/20215037_EA
Guava,$4.99 ,$4.99 ,"650 g, $0.77/100g",Latin American Foods,20975633001_EA
Yellow Rice,$4.19 ,$4.19 ,"226 g, $1.85/100g",Latin American Foods,/p/21081755_EA
Mexican Rice,$4.19 ,$4.19 ,"226 g, $1.85/100g",Latin American Foods,/p/21081757_EA
Prepared Red Cabbage,$4.29 ,$4.29 ,"720 ml, $0.60/100ml",Canned Goods,/p/20316725_EA
Riga Sprats,$2.99 ,$2.99 ,"160 g, $1.87/100g",Canned Goods,/p/20121374_EA
Cod Liver,$3.99 ,$3.99 ,"120 g, $3.33/100g",Canned Goods,/p/20543218_EA
Special Pork Village Pate,$2.79 ,$2.79 ,"130 g, $2.15/100g",Canned Goods,20114487001_EA
"Portuguese Sardines, Skinless & Boneless",$3.99 ,$3.99 ,"120 g, $3.33/100g",Canned Goods,/p/20540748_EA
Portuguese Sardines in Hot Sauce,$2.79 ,$2.79 ,"120 g, $2.33/100g",Canned Goods,20543253001_EA
Village Pork Pate with Paprika,$2.79 ,$2.79 ,"130 g, $2.15/100g",Canned Goods,20114487003_EA
Ham Sausage Ring 600 g,$13.79 ,$13.79 ,"600 g, $2.30/100g",Bakery & Deli,/p/21105532_EA
Wafer Rolls Nut Delight With Hazelnut Flavoured Filling,$1.59 ,$1.59 ,"150 g, $1.06/100g","Snacks, Cookies & Crackers",21032895003_EA
Happy Swing Coconut Delight Wafer Rolls with Coconut Flavoured Filling,$1.59 ,$1.59 ,"150 g, $1.06/100g","Snacks, Cookies & Crackers",21032895001_EA
"Biscuit with Chocolate, Orange",$2.49 ,$2.49 ,"135 g, $1.84/100g","Snacks, Cookies & Crackers",20694654001_EA
Wafer Rolls Vanilla Delight With Vanilla Flavoured Filling,$1.59 ,$1.59 ,"150 g, $1.06/100g","Snacks, Cookies & Crackers",21032895004_EA
"Chicken Breast, Boneless Skinless, 3 Pack",$15.00 ,$15.00 ,"1 ea, $15.00/1ea",Chicken & Turkey,/p/21340952_EA
"Pub Style Chicken Strips, Fully Cooked",$10.99 ,$10.99 ,"700 g, $1.57/100g",Chicken & Turkey,/p/21191828_EA
Minced Turkey,$8.00 ,$8.00 ,"454 g, $1.76/100g",Chicken & Turkey,/p/21100092_EA
"Pub Style Chicken Nugget, Fully Cooked",$10.99 ,$10.99 ,"700 g, $1.57/100g",Chicken & Turkey,/p/21191830_EA
Ground Chicken,$8.00 ,$8.00 ,"454 g, $1.76/100g",Chicken & Turkey,/p/21100091_EA
"Pub Style Chicken Burger, Fully Cooked",$10.99 ,$10.99 ,"700 g, $1.57/100g",Chicken & Turkey,/p/21191970_EA
Chicken Thighs  boneless Skinless 8 Pack,$15.00 ,$15.00 ,"1 ea, $15.00/1ea",Chicken & Turkey,/p/21341017_EA
"Chicken Breast, Boneless, Skinless",$14.00 ,$14.00 ,"1 ea, $14.00/1ea",Chicken & Turkey,/p/21290737_EA
"Chicken Breasts, Boneless, Skinless, Club Pack",$30.77 ,$30.77 ,$16.51/1kg,Chicken & Turkey,/p/20826585_KG
"Free From Chicken Breast, Boneless, Skinless",$13.74 ,$13.74 ,$26.43/1kg,Chicken & Turkey,/p/20069078_KG
"Popcorn Chicken, Fully Cooked",$10.99 ,$10.99 ,"700 g, $1.57/100g",Chicken & Turkey,/p/21191827_EA
"Free From Chicken Breast, Boneless, Skinless, Club Pack",$25.68 ,$25.68 ,$24.23/1kg,Chicken & Turkey,/p/20821992_KG
Air Chilled Split Chicken Wings,$15.00 ,$15.00 ,"1 ea, $15.00/1ea",Chicken & Turkey,/p/21340973_EA
"Air Chilled Chicken Thighs, Bone-in, Skin-on",$10.00 ,$10.00 ,"1 ea, $10.00/1ea",Chicken & Turkey,/p/21341035_EA
"Free From Chicken Thigh, Boneless, Skinless, Club Pack",$26.20 ,$26.20 ,$22.02/1kg,Chicken & Turkey,/p/20821154_KG
"Free From Chicken Thigh, Boneless, Skinless",$11.57 ,$11.57 ,$23.13/1kg,Chicken & Turkey,/p/20188038_KG
"Free From Split Chicken Wings, Club Pack",$18.67 ,$18.67 ,$17.61/1kg,Chicken & Turkey,/p/20821170_KG
"Pub Recipe Chicken Strips, Fully Cooked",$7.00 ,$7.00 ,"700 g, $1.00/100g",Chicken & Turkey,/p/21201321_EA
"Air Chilled Chicken Breast Fillets, Boneless, Skinless",$10.00 ,$10.00 ,"1 ea, $10.00/1ea",Chicken & Turkey,/p/21341048_EA
Chicken Strips,$10.00 ,$10.00 ,"1.5 kg, $0.67/100g",Chicken & Turkey,/p/21447587_EA
"Air Chilled Chicken Drumsticks, 8-Pack",$10.00 ,$10.00 ,"1 ea, $10.00/1ea",Chicken & Turkey,/p/21341042_EA
"Chicken Drumsticks, Club Pack",$20.77 ,$20.77 ,$8.36/1kg,Chicken & Turkey,/p/20790257_KG
Chicken Nuggets,$10.00 ,$10.00 ,"1.5 kg, $0.67/100g",Chicken & Turkey,/p/21447595_EA
"Air Chilled Chicken Breasts, Boneless, Skinless 6-Pack",$27.00 ,$27.00 ,1.41 kg,Chicken & Turkey,/p/21340984_EA
"Free From Air Chilled Chicken Breast Cutlet, Tray Pack",$10.89 ,$10.89 ,$25.33/1kg,Chicken & Turkey,/p/20111346_KG
Prime Extra Lean Ground Turkey,$8.00 ,$8.00 ,"454 g, $1.76/100g",Chicken & Turkey,/p/20811960_EA
"Free From Air Chilled Chicken Thighs, Club Pack",$19.72 ,$19.72 ,$15.41/1kg,Chicken & Turkey,/p/21204934_KG
Breaded Chicken Cutlettes Chicken Strips,$6.49 ,$6.49 ,"908 g, $0.71/100g",Chicken & Turkey,/p/21178744_EA
Turkey Strips,$12.99 ,$12.99 ,"600 g, $2.17/100g",Chicken & Turkey,/p/21431735_EA
Free From Whole Chicken,$18.59 ,$18.59 ,$11.00/1kg,Chicken & Turkey,/p/20093631_KG
Frozen Stuffed Turkey 5-7 Kg,$43.00 ,$43.00 ,"6 kg, $0.72/100g",Chicken & Turkey,/p/21286268_EA
"Kosher Chicken Thighs, Tray Pack",$14.30 ,$14.30 ,$24.23/1kg,Chicken & Turkey,/p/20829888_KG
"Free From Air Chilled Chicken Breast Cutlets, Club Pack",$25.01 ,$25.01 ,$23.79/1kg,Chicken & Turkey,/p/21192859_KG
Stuffed Butter Infused Turkey,$58.02 ,$58.02 ,$9.67/1kg,Chicken & Turkey,/p/20992444_KG
"Frozen Utility Turkey, 9-11kg",$62.08 ,$62.08 ,$6.59/1kg,Chicken & Turkey,/p/20143624_KG
"Frozen Utility Turkey, 5 7kg",$24.00 ,$24.00 ,"1 ea, $24.00/1ea",Chicken & Turkey,/p/21161059_EA
"Chicken Burger, Club Pack",$9.99 ,$9.99 ,"1810 g, $0.55/100g",Chicken & Turkey,/p/21178783_EA
"Fresh Turkey, Whole (7-9Kg)",$57.68 ,$57.68 ,$7.69/1kg,Chicken & Turkey,/p/20003349_KG
"Kosher Chicken Cut 4 pieces, Frozen",$9.90 ,$9.90 ,$11.00/1kg,Chicken & Turkey,/p/20699863_KG
Fresh Turkey 7 Kg and Up,$52.26 ,$52.26 ,$7.69/1kg,Chicken & Turkey,/p/20057742_KG
Skin-on Chicken Drumsticks,$14.00 ,$14.00 ,"1.575 kg, $0.89/100g",Chicken & Turkey,/p/21430674_EA
"Chicken Thigh, Club Pack",$14.00 ,$14.00 ,"1.54 kg, $0.91/100g",Chicken & Turkey,/p/21430672_EA
Free From Turkey Thighs,$7.55 ,$7.55 ,$12.10/1kg,Chicken & Turkey,/p/21124859_KG
"Chicken Wings Club Pack, Honey Garlic",$26.99 ,$26.99 ,"1.81 kg, $1.49/100g",Chicken & Turkey,/p/21046588_EA
Frozen Whole Frying Chicken,$13.84 ,$13.84 ,$7.69/1kg,Chicken & Turkey,/p/20731685_KG
Chicken Thigh Boneless Skinless Club Pack,$26.66 ,$26.66 ,$16.51/1kg,Chicken & Turkey,/p/20790584_KG
"Pub Recipe Chicken Strips, Fully Cooked, Club Size",$10.99 ,$10.99 ,"1.4 kg, $0.79/100g",Chicken & Turkey,/p/21201410_EA
Nashville-Style Chicken Wings,$15.99 ,$15.99 ,"907 g, $1.76/100g",Chicken & Turkey,/p/21201375_EA
"Chicken Nuggets, Club Pack",$10.99 ,$10.99 ,"1.4 kg, $0.79/100g",Chicken & Turkey,/p/21201374_EA
Prime Chicken Ground Lean,$8.00 ,$8.00 ,"454 g, $1.76/100g",Chicken & Turkey,/p/20706483_EA
Halal Whole Chicken Club Pack,$34.89 ,$34.89 ,$7.03/1kg,Chicken & Turkey,/p/21000965_KG
World of Flavours Chicken Southern BBQ,$21.27 ,$21.27 ,$15.41/1kg,Chicken & Turkey,/p/21456120_KG
Butter Infused Fresh Turkey  3-5 Kg,$35.53 ,$35.53 ,$7.69/1kg,Chicken & Turkey,/p/21332716_KG
Butter Infused Young Turkey - Frozen - 7-9kg,$48.00 ,$48.00 ,1 kg,Chicken & Turkey,/p/21284943_EA
Butter Infused Whole Chicken,$11.99 ,$11.99 ,"1.66 kg, $0.72/100g",Chicken & Turkey,/p/21119571_EA
Double Stuffed Butter Infused Turkey,$50.75 ,$50.75 ,$7.25/1kg,Chicken & Turkey,/p/20985202_KG
Chicken Breasts Organic Extra Lean,$29.99 ,$29.99 ,"1 kg, $3.00/100g",Chicken & Turkey,/p/20940326_EA
Turkey Breast Roast,$23.07 ,$23.07 ,$24.23/1kg,Chicken & Turkey,/p/21124822_KG
"Whole Turkey, Frozen",$58.27 ,$58.27 ,$12.10/1kg,Chicken & Turkey,/p/20697508_KG
Frozen Popcorn Chicken,$11.99 ,$11.99 ,"800 g, $1.50/100g",Chicken & Turkey,/p/21192438_EA
Butter-Infused Frozen Young Turkey,$54.48 ,$54.48 ,$6.81/1kg,Chicken & Turkey,/p/20992448_KG
BBQ Chickens Bites,$14.99 ,$14.99 ,"710 g, $2.11/100g",Chicken & Turkey,/p/21439246_EA
Turkey 3-5 Kg Frozen,$28.00 ,$28.00 ,"4 kg, $0.70/100g",Chicken & Turkey,/p/21454120_EA
Roast Turkey Breast Boneless,$25.18 ,$25.18 ,$17.61/1kg,Chicken & Turkey,/p/21044768_KG
Frozen Chicken Fries,$11.99 ,$11.99 ,"800 g, $1.50/100g",Chicken & Turkey,/p/21192622_EA
Young Turkey Butter-Infused 3-5 KG Frozen,$28.00 ,$28.00 ,"1 ea, $28.00/1ea",Chicken & Turkey,/p/21456409_EA
Chicken Leg Frozen (Back Attached),$30.00 ,$30.00 ,"5 kg, $0.60/100g",Chicken & Turkey,p/20774509_C01
World Of Flavours Buffalo Chicken Wings,$16.77 ,$16.77 ,$16.51/1kg,Chicken & Turkey,/p/20964675_KG
"Free from Butter Infused Turkey  5-7 Kg, Frozen",$40.00 ,$40.00 ,"1 ea, $40.00/1ea",Chicken & Turkey,/p/21333736_EA
Chicken Wing Nashville,$15.41 ,$15.41 ,$15.41/1kg,Chicken & Turkey,/p/21454261_KG
Chicken Drumsticks (Case),$18.00 ,$18.00 ,"5 kg, $0.36/100g",Chicken & Turkey,p/20897445_C01
"Butter Infused Young Turkey, Frozen  9-11kg",$58.00 ,$58.00 ,1 ea,Chicken & Turkey,/p/21284944_EA
Italian Style Herb Chicken With Tomato Basil Marinara Sauce,$6.49 ,$6.49 ,"400 g, $1.62/100g",Chicken & Turkey,/p/21484568_EA
Butter Infused Fresh Turkey  5-7 Kg,$49.65 ,$49.65 ,$7.69/1kg,Chicken & Turkey,/p/21332723_KG
Pub Style Turkey Nuggets,$12.99 ,$12.99 ,"600 g, $2.17/100g",Chicken & Turkey,/p/21431757_EA
Halal Whole Chicken,$13.00 ,$13.00 ,"1.55 kg, $0.84/100g",Chicken & Turkey,/p/21430673_EA
Halal Barbeque Chicken Wings,$17.99 ,$17.99 ,"908 g, $1.98/100g",Chicken & Turkey,/p/20503453_EA
"Turkey, 9-11KG Frozen",$58.00 ,$58.00 ,"10 kg, $0.58/100g",Chicken & Turkey,/p/21286261_EA
"Kosher Ground Chicken, Dark Meat",$15.26 ,$15.26 ,$24.23/1kg,Chicken & Turkey,/p/20697397_KG
"Air Chilled Ground Turkey, Tray Pack",$8.48 ,$8.48 ,$18.05/1kg,Chicken & Turkey,/p/20564796_KG
Free From Boneless Skinless Turkey Breast,$8.57 ,$8.57 ,$23.13/1kg,Chicken & Turkey,/p/21124845_KG
"Free From Chicken Drumsticks, Club Pack",$18.16 ,$18.16 ,$16.51/1kg,Chicken & Turkey,/p/21205092_KG
Butter Infused Young Turkey - Frozen - 5-7 kg,$38.00 ,$38.00 ,1 ea,Chicken & Turkey,/p/21284940_EA
"Chicken Thighs, Club Pack",$17.31 ,$17.31 ,$6.59/1kg,Chicken & Turkey,/p/20790461_KG
Butter Infused Young Turkey - Frozen - 3-5 kg,$28.00 ,$28.00 ,1 kg,Chicken & Turkey,/p/21284926_EA
Salt & Pepper Chicken Wings,$14.00 ,$14.00 ,"908 g, $1.54/100g",Chicken & Turkey,/p/21045309_EA
"Too Good To Be Wings, Honey Garlic",$12.99 ,$14.99 ,"800 g, $1.62/100g",Chicken & Turkey,/p/21106822_EA
Gochujang Sweet & Spicy Chicken Wings,$15.99 ,$15.99 ,"907 g, $1.76/100g",Chicken & Turkey,/p/20907067_EA
"Chicken Wings, Medium BBQ",$14.00 ,$14.00 ,"908 g, $1.54/100g",Chicken & Turkey,/p/21045713_EA
Gochujang Sweet & Spicy Chicken Bites,$14.99 ,$14.99 ,"700 g, $2.14/100g",Chicken & Turkey,/p/21372561_EA
"Fresh Turkey, Whole Less Than 5 kg",$34.61 ,$34.61 ,$7.69/1kg,Chicken & Turkey,/p/20104988_KG
Frozen Grade A Turkey,$40.20 ,$40.20 ,$6.59/1kg,Chicken & Turkey,/p/20823109_KG
"Chicken Fries, Fully Cooked",$10.00 ,$10.00 ,"1.5 kg, $0.67/100g",Chicken & Turkey,/p/21526219_EA
"Turkey 3-5KG, Frozen",$18.00 ,$18.00 ,"1 ea, $18.00/1ea",Chicken & Turkey,/p/21209103_EA
"Free From Chicken Drumsticks, Tray Pack",$10.11 ,$10.11 ,$18.72/1kg,Chicken & Turkey,/p/20059572_KG
Frozen Organic Whole Turkey,$84.70 ,$84.70 ,$12.10/1kg,Chicken & Turkey,/p/20527349_KG
Frozen Organic Whole Turkey,$84.70 ,$84.70 ,$12.10/1kg,Chicken & Turkey,/p/20527349_KG
Chicken Breast Fillet Fr,$14.00 ,$14.00 ,"925 g, $1.51/100g",Chicken & Turkey,/p/21308943_EA
"Young Turkey Heritage Recipe Seasoned With Natural Flavours, 3-5 KG Frozen",$35.20 ,$35.20 ,$8.80/1kg,Chicken & Turkey,/p/21427226_KG
"Chicken Breast, Bone-in Skin On, Club Pack",$20.32 ,$20.32 ,$14.31/1kg,Chicken & Turkey,/p/20113612_KG
Grade A Fresh Turkey  5 Kg,$34.61 ,$34.61 ,$7.69/1kg,Chicken & Turkey,/p/20153440_KG
Frozen Stuffed Turkey 7-9 Kg,$53.00 ,$53.00 ,"8 kg, $0.66/100g",Chicken & Turkey,/p/21286274_EA
Grade A Fresh Turkey 9-11 Kg,$76.90 ,$76.90 ,$7.69/1kg,Chicken & Turkey,/p/20107628_KG
Free From Crisp & Crunchy Mild Southern-Style Chicken Wings,$15.99 ,$15.99 ,"700 g, $2.28/100g",Chicken & Turkey,/p/20968234_EA
"Too Good To Be Wings Boneless Chicken Breast Chunks, Butter Buffalo",$14.99 ,$14.99 ,"800 g, $1.87/100g",Chicken & Turkey,/p/20800516_EA
Free From Split Chicken Wings,$10.31 ,$10.31 ,$19.82/1kg,Chicken & Turkey,/p/20430813_KG
Breaded Chicken Burger,$10.00 ,$10.00 ,"1.5 kg, $0.67/100g",Chicken & Turkey,/p/21484441_EA
Popcorn Chicken Bites,$5.00 ,$5.00 ,"650 g, $0.77/100g",Chicken & Turkey,/p/21531746_EA
Chicken Wings Salt & Cracked Black Pepper,$14.99 ,$16.99 ,"780 g, $1.92/100g",Chicken & Turkey,/p/21507366_EA
Split Chicken Wings,$43.00 ,$43.00 ,"4 kg, $1.08/100g",Chicken & Turkey,/p/20065774_EA
"Kosher Whole Chicken, Frozen",$19.00 ,$19.00 ,$10.56/1kg,Chicken & Turkey,/p/20697507_KG
Rotisserie-Style Chicken Wings,$15.99 ,$15.99 ,"907 g, $1.76/100g",Chicken & Turkey,/p/20708500_EA
World of Flavours Chicken Legs Skin-On Jerk,$14.31 ,$14.31 ,$14.31/1kg,Chicken & Turkey,/p/21454286_KG
"Turkey 7-9KG, Frozen",$30.00 ,$30.00 ,"1 ea, $30.00/1ea",Chicken & Turkey,/p/21209120_EA
"Chicken Flatened Portugese, Piri- Piri",$22.34 ,$22.34 ,$15.41/1kg,Chicken & Turkey,/p/21456116_KG
Crisp & Crunchy Spicy Southern-Style Chicken Wings,$15.99 ,$15.99 ,"907 g, $1.76/100g",Chicken & Turkey,/p/20708933_EA
Crisp & Crunchy Mild Southern-Style Chicken Wings,$26.99 ,$26.99 ,"1.81 kg, $1.49/100g",Chicken & Turkey,/p/20943027_EA
Easy Carve Chicken Breast Roast With Savoury Apple Stuffing,$16.99 ,$16.99 ,"1 kg, $1.70/100g",Chicken & Turkey,/p/20795113_EA
Breaded Chicken Cutlettes Chicken Nuggets Club Size,$9.99 ,$9.99 ,"1810 g, $0.55/100g",Chicken & Turkey,/p/21178766_EA
Chicken Breast Nuggets,$11.99 ,$11.99 ,"800 g, $1.50/100g",Chicken & Turkey,/p/21192505_EA
"Butter-Infused Turkey Crown	",$32.00 ,$32.00 ,"2.5 kg, $1.28/100g",Chicken & Turkey,/p/21400895_EA
Frozen Grade A Turkey 3-5 Kg,$30.76 ,$30.76 ,$7.69/1kg,Chicken & Turkey,/p/20068076_KG
Frozen Grade A Turkey 7-9 Kg,$61.52 ,$61.52 ,$7.69/1kg,Chicken & Turkey,/p/20085619_KG
"Frozen Turkey, 5-7 Kg",$38.00 ,$38.00 ,"6 kg, $0.63/100g",Chicken & Turkey,/p/21286266_EA
"Frozen Turkey, 3-5 Kg",$28.00 ,$28.00 ,"4 kg, $0.70/100g",Chicken & Turkey,/p/21286263_EA
"Free From Split Chicken Breasts, Bone-in, Skin-on",$11.56 ,$11.56 ,$16.51/1kg,Chicken & Turkey,/p/20141372_KG
"Honey Garlic Chicken Wings, Club Pack",$24.99 ,$24.99 ,"1.81 kg, $1.38/100g",Chicken & Turkey,/p/21045698_EA
Jerk Chicken Wings,$15.99 ,$15.99 ,"907 g, $1.76/100g",Chicken & Turkey,/p/21469394_EA
"Fully Cooked, Breaded Chicken Nuggets Cutlettes",$6.49 ,$6.49 ,"908 g, $0.71/100g",Chicken & Turkey,/p/21178745_EA
Nashville Breaded Chicken Bites,$14.99 ,$14.99 ,"700 g, $2.14/100g",Chicken & Turkey,/p/21201193_EA
"Pub Style Chicken Fries, Fully Cooked",$10.99 ,$10.99 ,"700 g, $1.57/100g",Chicken & Turkey,/p/21191680_EA
World of Flavours Filipino Adobo Chicken Legs ,$14.31 ,$14.31 ,$14.31/1kg,Chicken & Turkey,/p/21521704_KG
Chicken Legs,$12.00 ,$12.00 ,"1.6 kg, $0.75/100g",Chicken & Turkey,/p/21430677_EA
Grade A Fresh Turkey 11 Kg and Up,$73.60 ,$73.60 ,$9.02/1kg,Chicken & Turkey,/p/20133614_KG
Gluten Free Chicken Burgers,$8.99 ,$8.99 ,"600 g, $1.50/100g",Chicken & Turkey,/p/21079451_EA
"Whole Fryer Chicken, 3 Pack",$25.70 ,$25.70 ,$6.59/1kg,Chicken & Turkey,/p/20734042_KG
Kosher Chicken Wings,$7.41 ,$7.41 ,$10.12/1kg,Chicken & Turkey,/p/20697395_KG
Chicken Leg Quarters Club Pack,$16.29 ,$16.29 ,$8.80/1kg,Chicken & Turkey,/p/20790513_KG
"Kosher Frozen Chicken Breast Bone In, Tray Pack",$11.48 ,$11.48 ,$12.76/1kg,Chicken & Turkey,/p/20697509_KG
Chicken Mozzarella,$10.00 ,$10.00 ,"1 kg, $1.00/100g",Chicken & Turkey,/p/21507078_EA
"Chicken Strips, Club Pack",$9.99 ,$9.99 ,"1810 g, $0.55/100g",Chicken & Turkey,/p/21178763_EA
Easy Carve Turkey with Traditional Cranberry Stuffing,$52.99 ,$52.99 ,"3.85 kg, $1.38/100g",Chicken & Turkey,/p/20822448_EA
Eatwell Buffalo Chicken Flings,$16.99 ,$16.99 ,"0.79 kg, $2.15/100g",Chicken & Turkey,/p/21507606_EA
Chicken Burgers,$11.99 ,$11.99 ,"908 g, $1.32/100g",Chicken & Turkey,/p/20122720_EA
Utility Frozen Turkey 9-11 Kg,$36.00 ,$36.00 ,"1 ea, $36.00/1ea",Chicken & Turkey,/p/21209126_EA
Grade A Fresh Turkey 11 Kg and Up,$73.60 ,$73.60 ,$9.02/1kg,Chicken & Turkey,/p/20133614_KG
Gluten Free Chicken Burgers,$8.99 ,$8.99 ,"600 g, $1.50/100g",Chicken & Turkey,/p/21079451_EA
Breaded Chicken Burgers,$11.99 ,$11.99 ,"800 g, $1.50/100g",Chicken & Turkey,/p/21192447_EA
Frozen Stuffed Turkey 7-9 Kg,$53.00 ,$53.00 ,"1 ea, $53.00/1ea",Chicken & Turkey,/p/21333771_EA
Dry-Rubbed Hardwood-Smoked Chicken Wings,$15.99 ,$15.99 ,"800 g, $2.00/100g",Chicken & Turkey,/p/21047069_EA
Free From Turkey Breast Scaloppine,$9.12 ,$9.12 ,$25.33/1kg,Chicken & Turkey,/p/21124829_KG
"Turkey, 5-7KG Frozen",$24.00 ,$24.00 ,"1 ea, $24.00/1ea",Chicken & Turkey,/p/21209114_EA
Halal Chicken Nuggets,$10.00 ,$10.00 ,"840 g, $1.19/100g",Chicken & Turkey,/p/21179709_EA
Supreme Crunch Halal Spicy Chicken Burgers,$12.99 ,$12.99 ,"600 g, $2.17/100g",Chicken & Turkey,/p/21378658_EA
Buffalo Chicken Wings,$14.00 ,$14.00 ,"908 g, $1.54/100g",Chicken & Turkey,/p/21045668_EA
Halal Frozen Turkey,$40.91 ,$40.91 ,$7.69/1kg,Chicken & Turkey,/p/21033544_KG
Butter-Infused Stuffed Turkey Crown,$36.00 ,$36.00 ,"3 kg, $1.20/100g",Chicken & Turkey,/p/21400947_EA
"Young Turkey Heritage Recipe Seasoned With Natural Flavours, 5-7 KG Frozen",$44.88 ,$44.88 ,$8.80/1kg,Chicken & Turkey,/p/21427245_KG
Bone-in Skin-on Chicken Thighs,$8.00 ,$8.00 ,"840 g, $0.95/100g",Chicken & Turkey,/p/21430680_EA
Free From Split Turkey Wings,$5.90 ,$5.90 ,$13.21/1kg,Chicken & Turkey,/p/21124838_KG
Boneless Chicken Bites Buffalo,$14.99 ,$14.99 ,"710 g, $2.11/100g",Chicken & Turkey,/p/21439239_EA
Medium Buffalo-Style Chicken Wings,$15.99 ,$15.99 ,"907 g, $1.76/100g",Chicken & Turkey,/p/20708931_EA
"Chicken Wings, Crisp & Crunchy Mild Southern-Style ",$15.99 ,$15.99 ,"907 g, $1.76/100g",Chicken & Turkey,/p/20708932_EA
"Frozen Utility Turkey, 5-7kg",$41.45 ,$41.45 ,$6.59/1kg,Chicken & Turkey,/p/20104805_KG
Southern-Style Popcorn Chicken,$10.00 ,$10.00 ,"1.13 kg, $0.88/100g",Chicken & Turkey,/p/21450297_EA
Salt and Pepper Turkey Wings,$15.99 ,$15.99 ,"907 g, $1.76/100g",Chicken & Turkey,/p/21046365_EA
World of Flavours Shawarma Split Chicken Breast,$10.44 ,$10.44 ,$16.51/1kg,Chicken & Turkey,/p/21103534_KG
Grade A Fresh Turkey 5-7 Kg,$46.14 ,$46.14 ,$7.69/1kg,Chicken & Turkey,/p/20145891_KG
Fresh Turkey 5 Kg and Down,$36.05 ,$36.05 ,$7.69/1kg,Chicken & Turkey,/p/20173241_KG
Everything Seasoned Breaded Chicken Breast Fillets,$15.99 ,$15.99 ,"750 g, $2.13/100g",Chicken & Turkey,/p/21477937_EA
Fresh Turkey 5-7 Kg,$42.73 ,$42.73 ,$7.69/1kg,Chicken & Turkey,/p/20091864_KG
Halal Stuffed Chicken Mozzarella,$10.00 ,$10.00 ,"568 g, $1.76/100g",Chicken & Turkey,/p/21094337_EA
Free From Skin On Turkey Drumsticks,$5.54 ,$5.54 ,$11.00/1kg,Chicken & Turkey,/p/21124826_KG
"Frozen Utility Turkey, 3-5kg",$29.13 ,$29.13 ,$6.59/1kg,Chicken & Turkey,/p/20042132_KG
"Chicken Wings, Club Pack",$14.53 ,$14.53 ,$11.00/1kg,Chicken & Turkey,/p/20789233_KG
"Chicken Roaster, Frozen",$18.66 ,$18.66 ,$8.80/1kg,Chicken & Turkey,/p/20734047_KG
Yuzu Citrus Chicken Wings,$15.99 ,$15.99 ,"907 g, $1.76/100g",Chicken & Turkey,/p/21365572_EA
Frozen Turkey 7-9 Kg,$48.00 ,$48.00 ,"8 kg, $0.60/100g",Chicken & Turkey,/p/21286278_EA
Boneless Stuffed Turkey Ball Frozen,$24.99 ,$24.99 ,"1.5 kg, $1.67/100g",Chicken & Turkey,/p/21488006_EA
Frozen Grade A Turkey 5-7 Kg,$46.14 ,$46.14 ,$7.69/1kg,Chicken & Turkey,/p/20103952_KG
"Frozen Utility Turkey, 11kg and up",$101.64 ,$101.64 ,$6.59/1kg,Chicken & Turkey,/p/20035576_KG
"Free From Chicken Thigh, Bone-in, Skin-on",$10.67 ,$10.67 ,$18.72/1kg,Chicken & Turkey,/p/20821168_KG
"Fully Cooked, Breaded Chicken Burgers",$6.49 ,$6.49 ,"908 g, $0.71/100g",Chicken & Turkey,/p/21178761_EA
Crispy Southern Style Chicken,$18.99 ,$18.99 ,"1 kg, $1.90/100g",Chicken & Turkey,/p/20015813_EA
"Young Turkey Seasoned with Natural Flavours, Frozen",$46.64 ,$46.64 ,$8.80/1kg,Chicken & Turkey,/p/21427222_KG
Chicken Wing Split Buffalo,$16.51 ,$16.51 ,$16.51/1kg,Chicken & Turkey,/p/21454262_KG
Honey Garlic Chicken Wings,$15.99 ,$15.99 ,"700 g, $2.28/100g",Chicken & Turkey,/p/21045712_EA
"Frozen Grade A Turkey, Whole Over 11 Kg",$79.08 ,$79.08 ,$6.59/1kg,Chicken & Turkey,/p/20166983_KG
Extra Lean Ground Chicken,$8.00 ,$8.00 ,"454 g, $1.76/100g",Chicken & Turkey,/p/21430675_EA
Free From Split Turkey Breast ,$12.90 ,$12.90 ,$17.61/1kg,Chicken & Turkey,/p/21124833_KG
Boneless Skinless Chicken Breasts,$27.00 ,$27.00 ,"1.505 kg, $1.79/100g",Chicken & Turkey,/p/21430671_EA
Free From Turkey Breast Fillet,$7.28 ,$7.28 ,$24.23/1kg,Chicken & Turkey,/p/21124853_KG
Free From Split Turkey Breast ,$12.90 ,$12.90 ,$17.61/1kg,Chicken & Turkey,/p/21124833_KG
"Chicken Wings, Mild BBQ",$14.00 ,$14.00 ,"908 g, $1.54/100g",Chicken & Turkey,/p/21045313_EA
"Boneless Chicken Bites, Honey Garlic",$14.99 ,$14.99 ,"710 g, $2.11/100g",Chicken & Turkey,/p/21440340_EA
Too Good To Be Wings Maple Barbecue Boneless Coated Chicken Breast Chunks,$12.99 ,$14.99 ,"800 g, $1.62/100g",Chicken & Turkey,/p/20800517_EA
"Chicken Wings, Honey Garlic",$14.00 ,$14.00 ,"908 g, $1.54/100g",Chicken & Turkey,/p/21045311_EA
Turkey Burgers,$12.99 ,$12.99 ,"600 g, $2.17/100g",Chicken & Turkey,/p/21431776_EA
"Young Turkey Seasoned with Natural Flavours, Frozen",$42.50 ,$42.50 ,$8.80/1kg,Chicken & Turkey,/p/21427216_KG
Halal Chicken Strips,$10.00 ,$10.00 ,"840 g, $1.19/100g",Chicken & Turkey,/p/21179707_EA
Organic Chicken Wings,$15.99 ,$15.99 ,"1 kg, $1.60/100g",Chicken & Turkey,/p/20940328_EA
Chicken Breast Portion Boneless Skinless,$50.00 ,$50.00 ,"1 ea, $50.00/1ea",Chicken & Turkey,/p/20185997_EA
Halal Breaded Chicken Burgers,$10.00 ,$10.00 ,"828 g, $1.21/100g",Chicken & Turkey,/p/21179710_EA
"Breaded Mozzarella Cheese Sticks, Uncooked",$15.00 ,$15.00 ,"1 kg, $1.50/100g",Chicken & Turkey,/p/21524626_EA
Frozen Turkey 5-7kg,$600.36 ,$600.36 ,$100.06/1kg,Chicken & Turkey,/p/20118435_KG
Chicken Breast Strips,$11.99 ,$11.99 ,"800 g, $1.50/100g",Chicken & Turkey,/p/21192652_EA
Homestyle Stuffing,$7.99 ,$7.99 ,"900 g, $0.89/100g",Chicken & Turkey,/p/20870551_EA
Chicken Wings Honey & Garlic Flavoured,$14.99 ,$16.99 ,"780 g, $1.92/100g",Chicken & Turkey,/p/21507493_EA
Frozen Grade A Turkey 9-11 Kg,$76.90 ,$76.90 ,$7.69/1kg,Chicken & Turkey,/p/20095387_KG
Butter Infused Frozen Turkey - 11 kg,$44.99 ,$44.99 ,$6.81/1kg,Chicken & Turkey,/p/20992428_KG
Grade A Fresh Turkey 7-9 Kg,$61.52 ,$61.52 ,$7.69/1kg,Chicken & Turkey,/p/20022497_KG
Free From Skinless Boneless Turkey Breast Strips,$8.36 ,$8.36 ,$25.33/1kg,Chicken & Turkey,/p/21124825_KG
Buffalo Wings Spicy,$17.99 ,$17.99 ,"908 g, $1.98/100g",Chicken & Turkey,/p/20503457_EA
Butter-Infused Frozen Young Turkey,$27.24 ,$27.24 ,$6.81/1kg,Chicken & Turkey,/p/20992433_KG
World Of Flavours Thai Split Chicken Wings,$13.46 ,$13.46 ,$14.31/1kg,Chicken & Turkey,/p/21103511_KG
Boneless Turkey Breast Roast,$24.99 ,$24.99 ,"1.5 kg, $1.67/100g",Chicken & Turkey,/p/21377745_EA
"Butter Infused Stuffed Turkey  5-7 Kg, Frozen",$43.00 ,$43.00 ,1 kg,Chicken & Turkey,/p/21284946_EA
Butter Infused  Fresh Turkey 7 Kg up,$56.75 ,$56.75 ,$7.69/1kg,Chicken & Turkey,/p/21332711_KG
Supreme Crunch Halal Spicy Chicken Drumsticks,$11.99 ,$11.99 ,"720 g, $1.67/100g",Chicken & Turkey,/p/21377845_EA
"Fresh Turkey, Whole (5-7Kg)",$40.86 ,$40.86 ,$6.81/1kg,Chicken & Turkey,/p/20027633_KG
Breaded Chicken Strips,$8.99 ,$8.99 ,"600 g, $1.50/100g",Chicken & Turkey,/p/21108889_EA
"Fryer Chicken, Whole Head & Feet On",$2.02 ,$2.02 ,$7.69/1kg,Chicken & Turkey,/p/20163590_KG
Butter-Infused Fresh Young Turkey,$40.86 ,$40.86 ,$6.81/1kg,Chicken & Turkey,/p/20992514_KG
Halal Chicken Wings,$24.00 ,$24.00 ,"2 kg, $1.20/100g",Chicken & Turkey,/p/21430606_EA
Boneless Skinless Chicken Breasts,$15.00 ,$15.00 ,"645 g, $2.33/100g",Chicken & Turkey,/p/21430678_EA
Skin-on Chicken Legs,$9.00 ,$9.00 ,"1.28 kg, $0.70/100g",Chicken & Turkey,/p/21430676_EA
Gluten Free Chicken Strips,$8.99 ,$8.99 ,"600 g, $1.50/100g",Chicken & Turkey,/p/21079476_EA
Honey Garlic Chicken Wings,$15.99 ,$15.99 ,"907 g, $1.76/100g",Chicken & Turkey,/p/21046615_EA
Lean Ground Beef,$7.00 ,$7.00 ,"500 g, $1.40/100g",Beef,/p/21125124_EA
"Lean Ground Beef, Club Pack",$23.31 ,$23.31 ,$12.76/1kg,Beef,/p/20001988_KG
Extra Lean Ground Beef,$8.00 ,$8.00 ,"500 g, $1.60/100g",Beef,/p/21125110_EA
Medium Ground Beef,$6.00 ,$6.00 ,"500 g, $1.20/100g",Beef,/p/21125121_EA
Thick & Juicy™ Prime Rib Beef Burger,$16.99 ,$16.99 ,"1.13 kg, $1.50/100g",Beef,/p/20941230_EA
Thick & Juicy™ Sirloin Beef Burgers ,$16.99 ,$16.99 ,"1.13 kg, $1.50/100g",Beef,/p/20941443_EA
Free From Angus Beef Burger,$16.99 ,$16.99 ,"1.02 kg, $1.67/100g",Beef,/p/20862651_EA
Thick & Juicy™ Beef Burgers  ,$16.99 ,$16.99 ,"1.36 kg, $1.25/100g",Beef,/p/20941343_EA
Beef Stew Meat,$17.10 ,$17.10 ,$19.82/1kg,Beef,/p/20832537_KG
Lean Ground Beef,$6.00 ,$6.00 ,"454 g, $1.32/100g",Beef,/p/21210226_EA
Medium Ground Beef,$5.00 ,$5.00 ,"454 g, $1.10/100g",Beef,/p/21210231_EA
Italian Meatballs,$10.00 ,$10.00 ,"1.5 kg, $0.67/100g",Beef,/p/21526930_EA
"Extra Lean Ground Beef, Club Pack",$23.05 ,$23.05 ,$10.76/1kg,Beef,/p/20174218_KG
Free From Lean Ground Beef,$9.00 ,$9.00 ,"454 g, $1.98/100g",Beef,/p/21218152_EA
Sirloin Beef Burger,$16.99 ,$16.99 ,"1.02 kg, $1.67/100g",Beef,/p/20941202_EA
Thick & Juicy™ Chicken Burgers ,$15.99 ,$15.99 ,"1.13 kg, $1.42/100g",Beef,/p/20956689_EA
Beef Striploin Fast Fry Steak,$11.98 ,$11.98 ,$39.66/1kg,Beef,/p/20798455_KG
Beef Stir-Fry Strips,$7.60 ,$7.60 ,$22.02/1kg,Beef,/p/20820739_KG
Swedish Meatballs,$10.00 ,$10.00 ,"1.5 kg, $0.67/100g",Beef,/p/21484987_EA
Thick & Juicy™ Lean Beef Burgers  ,$15.99 ,$15.99 ,"1.13 kg, $1.42/100g",Beef,/p/20941224_EA
Beef Burger 4 Oz,$15.99 ,$15.99 ,"1.36 kg, $1.18/100g",Beef,/p/20114154_EA
Certified Angus Beef Blade Steak Boneless,$9.81 ,$9.81 ,$24.23/1kg,Beef,/p/20892736_KG
Extra Lean Ground Beef,$7.00 ,$7.00 ,"454 g, $1.54/100g",Beef,/p/21210221_EA
Beef Top Sirloin Oven Roast,$38.23 ,$38.23 ,$28.64/1kg,Beef,/p/20812709_KG
"Certified Angus Beef, Grilling Rib Steak",$23.86 ,$23.86 ,$53.99/1kg,Beef,/p/20807298_KG
Beef Short Ribs Braising ,$20.14 ,$20.14 ,$30.84/1kg,Beef,/p/20742312_KG
"Certified Angus Beef, Top Sirloin Steak, Club Pack",$29.29 ,$29.29 ,$29.74/1kg,Beef,/p/20830301_KG
"Beef Outside Round Roast, Club Pack",$54.47 ,$54.47 ,$24.23/1kg,Beef,/p/20820318_KG
Beef Eye Sirloin Steak,$7.13 ,$7.13 ,$27.54/1kg,Beef,/p/20825941_KG
Certified Angus Beef Eye Of Round Oven Roast,$28.76 ,$28.76 ,$26.43/1kg,Beef,/p/20804804_KG
Beef Inside Round Steak,$9.41 ,$9.41 ,$26.43/1kg,Beef,/p/20821091_KG
Halal Stewing Beef,$13.22 ,$13.22 ,$26.43/1kg,Beef,/p/20936058_KG
Outside Round Roast,$28.10 ,$28.10 ,$26.43/1kg,Beef,/p/20820661_KG
"Certified Angus Beef, Top Sirloin Grilling Steak",$11.21 ,$11.21 ,$31.94/1kg,Beef,/p/20804770_KG
Top Sirloin Steak,$9.88 ,$9.88 ,$28.64/1kg,Beef,/p/20822505_KG
"Certified Angus Beef, Premium Prime Rib Roast",$62.14 ,$62.14 ,$53.99/1kg,Beef,/p/20805893_KG
Sirloin Lean Ground Beef,$9.00 ,$9.00 ,"650 g, $1.38/100g",Beef,/p/21188695_EA
Homestyle Burgers Flame Grilled Value Pack,$12.00 ,$12.00 ,"850 g, $1.41/100g",Beef,/p/21382527_EA
"Regular Ground Beef, Club Pack",$29.51 ,$29.51 ,$11.88/1kg,Beef,/p/20037956_KG
Free From Boneless Rib Steak,$17.90 ,$17.90 ,$61.71/1kg,Beef,/p/21219112_KG
Beef Soup Bones,$7.41 ,$7.41 ,$9.89/1kg,Beef,/p/20858871_KG
"Beef Sirloin Tip Roast, Club Pack",$27.32 ,$27.32 ,$13.21/1kg,Beef,/p/20825890_KG
"Beef Boneless Rib Steak, Club Pack",$42.12 ,$42.12 ,$50.68/1kg,Beef,/p/20822031_KG
Slow-Smoked Brisket Beef Burgers,$16.99 ,$16.99 ,"852 g, $1.99/100g",Beef,/p/20956688_EA
"Certified Angus Beef, Sirloin Tip Roast",$28.15 ,$28.15 ,$27.54/1kg,Beef,/p/20804762_KG
Beef Blade Steak Boneless,$10.13 ,$10.13 ,$24.23/1kg,Beef,/p/20804748_KG
Outside Round Steak,$9.81 ,$9.81 ,$26.43/1kg,Beef,/p/20820663_KG
Italian Chicken Meatballs,$16.99 ,$16.99 ,"850 g, $2.00/100g",Beef,/p/20503357_EA
Beef Tenderloin,$44.29 ,$44.29 ,$70.53/1kg,Beef,/p/20820316_KG
"Certified Angus Beef, Blade Roast Boneless",$25.27 ,$25.27 ,$24.23/1kg,Beef,/p/20892734_KG
Beef Burger,$15.99 ,$15.99 ,"907 g, $1.76/100g",Beef,/p/20327743_EA
"Beef Boneless Rib Steak, Club Pack",$42.12 ,$42.12 ,$50.68/1kg,Beef,/p/20822031_KG
Sirloin Beef Meatballs ,$14.99 ,$16.99 ,"907 g, $1.65/100g",Beef,/p/20603111_EA
Swedish Beef Meatballs,$16.99 ,$16.99 ,"907 g, $1.87/100g",Beef,/p/20503320_EA
"Meatballs, Italian Style",$14.99 ,$16.99 ,"907 g, $1.65/100g",Beef,/p/20503346_EA
Italian Chicken Meatballs,$16.99 ,$16.99 ,"850 g, $2.00/100g",Beef,/p/20503357_EA
Inside Round Roast,$27.33 ,$27.33 ,$26.43/1kg,Beef,/p/20820664_KG
Top Sirloin Steak,$28.64 ,$28.64 ,$28.64/1kg,Beef,/p/21397476_KG
Prime Rib Beef Burger,$20.99 ,$20.99 ,"1.02 kg, $2.06/100g",Beef,/p/20602164_EA
"Certified Angus Beef, Strip Loin Steak",$13.65 ,$13.65 ,$46.27/1kg,Beef,/p/20802652_KG
"Navel Beef, 4LB",$27.54 ,$27.54 ,"1.814 kg, $1.52/100g",Beef,/p/21100933_EA
Tenderized Minute Steak,$5.11 ,$5.11 ,$24.23/1kg,Beef,/p/20820668_KG
"Beef Rib Steak, Boneless",$16.61 ,$16.61 ,$52.89/1kg,Beef,/p/20794835_KG
Beef Inside Round Steak Fast Fry,$5.47 ,$5.47 ,$26.43/1kg,Beef,/p/20794615_KG
"Certified Angus Beef Rib Cap Off Grilling Steak, Club Pack",$45.89 ,$45.89 ,$51.79/1kg,Beef,/p/20837743_KG
"Beef Outside Round Marinating Steak, Club Pack",$24.81 ,$24.81 ,$24.23/1kg,Beef,/p/20797389_KG
Beef Tenderloin,$213.15 ,$213.15 ,$66.12/1kg,Beef,/p/20771237_KG
"Beef Cap-off Rib Steak, Club Pack",$43.80 ,$43.80 ,$41.87/1kg,Beef,/p/20822034_KG
Beef Striploin Steak,$13.05 ,$13.05 ,$39.66/1kg,Beef,/p/20822140_KG
Free From Turkey Meatballs,$16.99 ,$16.99 ,"800 g, $2.12/100g",Beef,/p/21039893_EA
"Whole Beef Shank, Frozen",$8.48 ,$8.48 ,$14.52/1kg,Beef,/p/20858752_KG
"Beef Striploin Steak, Club Pack",$41.13 ,$41.13 ,$37.46/1kg,Beef,/p/20821010_KG
"Eye Of Round Roast, Club Pack",$50.56 ,$50.56 ,$23.13/1kg,Beef,/p/20883372_KG
Beef Blade Steak,$20.27 ,$20.27 ,$20.92/1kg,Beef,/p/20804746_KG
Certified Angus Beef Inside Round Marinating Steak,$7.93 ,$7.93 ,$22.02/1kg,Beef,/p/20801978_KG
Beef Tenderloin Steak,$23.71 ,$23.71 ,$72.73/1kg,Beef,/p/20820312_KG
"Blade Roast, Boneless",$29.85 ,$29.85 ,$24.23/1kg,Beef,/p/20804772_KG
Thick & Juicy Bear Paw Burgers (Case),$44.00 ,$44.00 ,"4.54 kg, $0.97/100g",Beef,p/20503338_C01
Eye Of Round Beef Steak,$10.94 ,$10.94 ,$25.33/1kg,Beef,/p/20836736_KG
Brisket Portions,$59.00 ,$59.00 ,$38.56/1kg,Beef,/p/21339616_KG
Lean Ground Beef & Pork,$16.36 ,$16.36 ,$12.10/1kg,Beef,/p/20865962_KG
Pork Hot Pot Sliced Pork Shoulder,$8.99 ,$8.99 ,"250 g, $3.60/100g",Beef,/p/21311821_EA
Beef Liver,$5.90 ,$5.90 ,$12.76/1kg,Beef,/p/20074419_KG
Beef Simmering Short Ribs,$22.25 ,$22.25 ,$29.74/1kg,Beef,/p/20812708_KG
Halal Lean Ground Beef,$8.61 ,$8.61 ,$14.31/1kg,Beef,/p/20936905_KG
Beef Rib Finger Meat Boneless,$20.77 ,$20.77 ,$17.37/1kg,Beef,/p/20142159_KG
"Beef Feet, Frozen",$8.35 ,$8.35 ,$12.10/1kg,Beef,/p/20149825_KG
T-Bone Beef Steak,$22.16 ,$22.16 ,$48.48/1kg,Beef,/p/20821147_KG
"Certified Angus Beef, T-Bone Steak",$23.48 ,$23.48 ,$52.89/1kg,Beef,/p/20802508_KG
"Prime Rib Roast, Club Pack",$92.07 ,$92.07 ,$41.87/1kg,Beef,/p/20822139_KG
Burgers,$9.00 ,$9.00 ,"568 g, $1.58/100g",Beef,/p/20778088_EA
Halal Gf Strip Loin Steak,$8.26 ,$8.26 ,$33.05/1kg,Beef,/p/21397465_KG
Free From Striploin Steak,$13.09 ,$13.09 ,$48.48/1kg,Beef,/p/21219108_KG
"Beef Blade Roast, Boneless, Club Pack",$43.14 ,$43.14 ,$22.02/1kg,Beef,/p/20804740_KG
"Blade Steak, Boneless ,Club Pack",$26.36 ,$26.36 ,$22.02/1kg,Beef,/p/20804775_KG
Corned Beef Brisket,$20.82 ,$20.82 ,$23.13/1kg,Beef,/p/20722618_KG
Chicken Hot Pot Sliced Chicken Breast,$9.99 ,$9.99 ,"250 g, $4.00/100g",Beef,/p/21311826_EA
"Plant Based Undeniable Burger, Fresh",$8.49 ,$8.49 ,"226 g, $3.76/100g",Beef,/p/21286514_EA
Beef Oxtail,$12.95 ,$12.95 ,$26.43/1kg,Beef,/p/20079558_KG
Certified Angus Beef Grilling Ribeye Steak Boneless,$21.47 ,$21.47 ,$63.91/1kg,Beef,/p/20801988_KG
"Beef Eye of Round Marinating Steak, Club Pack",$24.86 ,$24.86 ,$23.13/1kg,Beef,/p/20812702_KG
"Certified Angus Beef, Tenderloin Grilling Steak",$22.10 ,$22.10 ,$74.93/1kg,Beef,/p/20802092_KG
Beef Kidney,$5.23 ,$5.23 ,$9.45/1kg,Beef,/p/20161370_KG
Beef Top Sirloin Cap Steak,$17.50 ,$17.50 ,$28.64/1kg,Beef,/p/20822035_KG
Meatless Meatballs,$4.94 ,$4.94 ,"454 g, $1.09/100g",Beef,/p/20650537_EA
Free From Top Sirloin Steak,$15.73 ,$15.73 ,$37.46/1kg,Beef,/p/21219054_KG
Prime Rib Roast,$96.73 ,$96.73 ,$44.07/1kg,Beef,/p/20822152_KG
Beef Honeycomb Tripe,$15.82 ,$15.82 ,$17.62/1kg,Beef,/p/20164839_KG
Beef Burgers,$14.99 ,$14.99 ,"1.13 kg, $1.33/100g",Beef,/p/20874333_EA
Angus Beef Meatballs,$14.99 ,$16.99 ,"907 g, $1.65/100g",Beef,/p/20503356_EA
"Burger C/Pack 20'S 5Lb, Club Pack",$23.99 ,$23.99 ,"2.27 kg, $1.06/100g",Beef,/p/20060012_EA
Sirloin Tip Steak,$11.44 ,$11.44 ,$26.43/1kg,Beef,/p/20825944_KG
Certified Angus Beef Inside Round Roast,$21.67 ,$21.67 ,$22.02/1kg,Beef,/p/20802661_KG
Beef Boneless Prime Rib Steak,$18.72 ,$18.72 ,$52.89/1kg,Beef,/p/20821150_KG
"Short Ribs, Boneless",$17.45 ,$17.45 ,$33.05/1kg,Beef,/p/20104920_KG
"Top Sirloin Steak, Club Pack",$26.91 ,$26.91 ,$26.43/1kg,Beef,/p/20820466_KG
Halal Beef Burgers,$18.00 ,$18.00 ,"907 g, $1.98/100g",Beef,/p/21022798_EA
Lean Ground Beef Club ,$15.97 ,$15.97 ,$12.10/1kg,Beef,/p/21173045_KG
"Top Sirloin Roast Boneless, Club Pack",$39.38 ,$39.38 ,$26.43/1kg,Beef,/p/20821274_KG
Beef Fast Fry T-Bone Steak,$13.19 ,$13.19 ,$48.48/1kg,Beef,/p/20821276_KG
Free From Flank Steak,$16.26 ,$16.26 ,$39.65/1kg,Beef,/p/21219128_KG
Beef Hot Pot Sliced Beef Rib Eye,$10.99 ,$10.99 ,"250 g, $4.40/100g",Beef,/p/21305754_EA
Thick & Juicy Beef Burgers,$25.99 ,$25.99 ,"2.72 kg, $0.96/100g",Beef,/p/20872678_EA
Kofta Beef Meatballs,$9.99 ,$9.99 ,"454 g, $2.20/100g",Beef,/p/21446169_EA
Beef Inside Round Roast Club Pack ,$44.63 ,$44.63 ,$24.23/1kg,Beef,/p/20820521_KG
Certified Angus Beef Eye Of Round Marinating Steak,$11.23 ,$11.23 ,$26.43/1kg,Beef,/p/20805359_KG
Beef Flank Steak,$26.17 ,$26.17 ,$40.76/1kg,Beef,/p/20798258_KG
Sirloin Tip Roast,$31.69 ,$31.69 ,$26.43/1kg,Beef,/p/20825943_KG
Beef Top Sirloin Fast Fry Steak,$7.56 ,$7.56 ,$28.64/1kg,Beef,/p/20812491_KG
"Certified Angus Beef Strip Loin Steak, Club Pack",$41.29 ,$41.29 ,$44.07/1kg,Beef,/p/20823399_KG
Prime Beef Rib Steak,$19.61 ,$19.61 ,$44.07/1kg,Beef,/p/20821271_KG
Beef Eye Of Round Roast,$29.69 ,$29.69 ,$25.33/1kg,Beef,/p/20836734_KG
Cubed Lean Beef,$10.01 ,$10.01 ,$24.23/1kg,Beef,/p/20820315_KG
Beyond Burger Plant-Based,$7.99 ,$7.99 ,"226 g, $3.54/100g",Beef,/p/21193815_EA
Plant-based Burger,$10.49 ,$10.49 ,"340 g, $3.09/100g",Beef,/p/21403513_EA
"Certified Angus Beef, T-Bone Steak, Club Pack",$52.61 ,$52.61 ,$50.68/1kg,Beef,/p/20821009_KG
Umami Wagyu Burgers,$15.99 ,$15.99 ,"568 g, $2.82/100g",Beef,/p/21522754_EA
Beef Eye Of Round Fast Fry Steak,$6.64 ,$6.64 ,$25.33/1kg,Beef,/p/20812704_KG
"Beef Sirloin Tip Steak, Club Pack",$26.36 ,$26.36 ,$24.23/1kg,Beef,/p/20812524_KG
"Inside Round Steak, Club Pack",$27.62 ,$27.62 ,$24.23/1kg,Beef,/p/20820662_KG
Simulated Meat Burger Patties Made From Plants,$9.49 ,$9.49 ,"226 g, $4.20/100g",Beef,/p/21403522_EA
Prime Beef Striploin Grilling Steak,$21.33 ,$21.33 ,$53.99/1kg,Beef,/p/20744325_KG
Wagyu Beef Burgers,$14.99 ,$14.99 ,"568 g, $2.64/100g",Beef,/p/20766235_EA
"Beef Burger, Club Pack",$24.99 ,$24.99 ,"2.27 kg, $1.10/100g",Beef,/p/20767512_EA
"Certified Angus Beef Strip Loin Steak, Club Pack",$41.29 ,$41.29 ,$44.07/1kg,Beef,/p/20823399_KG
Italian Beef Meatballs,$14.99 ,$16.99 ,"907 g, $1.65/100g",Beef,/p/20148240_EA
Free From Angus Beef Meatball,$16.99 ,$16.99 ,"850 g, $2.00/100g",Beef,/p/21094650_EA
"BBQ Beef Burgers, Hickory Flavour",$14.99 ,$14.99 ,"1.13 kg, $1.33/100g",Beef,/p/20767514_EA
Hickory Smoked Classic Cut Bacon,$9.99 ,$9.99 ,"375 g, $2.66/100g","Bacon, Sausages & Hot Dogs",/p/20772671_EA
Bacon,$7.99 ,$7.99 ,"500 g, $1.60/100g","Bacon, Sausages & Hot Dogs",/p/20152629_EA
Original Natural Bacon,$6.49 ,$6.99 ,"375 g, $1.73/100g","Bacon, Sausages & Hot Dogs",/p/20732366_EA
Hickory Smoked 50% Less Salt Bacon,$9.99 ,$9.99 ,"375 g, $2.66/100g","Bacon, Sausages & Hot Dogs",/p/20772637_EA
Old-Fashioned Style Bacon,$16.49 ,$16.49 ,"1 kg, $1.65/100g","Bacon, Sausages & Hot Dogs",/p/20115704_EA
Reduced Salt Bacon  ,$7.99 ,$7.99 ,"500 g, $1.60/100g","Bacon, Sausages & Hot Dogs",/p/20057892_EA
Natural Top Dogs Original Hot Dogs,$6.49 ,$6.49 ,"375 g, $1.73/100g","Bacon, Sausages & Hot Dogs",/p/21093477_EA
Original Hot Dogs    ,$4.00 ,$4.00 ,"450 g, $0.89/100g","Bacon, Sausages & Hot Dogs",/p/20002786_EA
Chicken Hot Dogs,$2.00 ,$2.00 ,"450 g, $0.44/100g","Bacon, Sausages & Hot Dogs",/p/20058192_EA
Free From Mild Italian Pork Sausages,$6.99 ,$6.99 ,"500 g, $1.40/100g","Bacon, Sausages & Hot Dogs",/p/20119782_EA
Juicy Jumbos All Beef Hot Dogs,$9.99 ,$9.99 ,"375 g, $2.66/100g","Bacon, Sausages & Hot Dogs",/p/20770591_EA
Juicy Jumbos Original Hot Dogs,$9.99 ,$9.99 ,"450 g, $2.22/100g","Bacon, Sausages & Hot Dogs",/p/20105611_EA
Smokehouse Bacon,$3.49 ,$3.49 ,"500 g, $0.70/100g","Bacon, Sausages & Hot Dogs",/p/20138827_EA
Cheddar Smokies ,$14.99 ,$14.99 ,"1 kg, $1.50/100g","Bacon, Sausages & Hot Dogs",/p/20732535_EA
Ready Crisp Fully Cooked Natural Bacon Slices,$5.99 ,$5.99 ,"65 g, $9.22/100g","Bacon, Sausages & Hot Dogs",/p/20164959_EA
Lazy Maple Natural Bacon,$6.49 ,$6.99 ,"375 g, $1.73/100g","Bacon, Sausages & Hot Dogs",/p/20772383_EA
Original Breakfast Sausage,$5.99 ,$5.99 ,"375 g, $1.60/100g","Bacon, Sausages & Hot Dogs",/p/20143858_EA
Maple Breakfast Sausage,$5.99 ,$5.99 ,"375 g, $1.60/100g","Bacon, Sausages & Hot Dogs",/p/20311438_EA
Free From Bacon Naturally Smoked,$7.49 ,$7.49 ,"0.375 kg, $2.00/100g","Bacon, Sausages & Hot Dogs",/p/21048165_EA
Maple Flavoured Naturally Smoked Bacon,$7.49 ,$7.49 ,"500 g, $1.50/100g","Bacon, Sausages & Hot Dogs",/p/20117351_EA
"Turkey, Bacon Style",$6.99 ,$6.99 ,"375 g, $1.86/100g","Bacon, Sausages & Hot Dogs",/p/20016865_EA
Free From Original Breakfast Pork Sausages,$6.99 ,$6.99 ,"375 g, $1.86/100g","Bacon, Sausages & Hot Dogs",/p/20720612_EA
Mild Sugar-Cured Bacon,$8.00 ,$8.00 ,"500 g, $1.60/100g","Bacon, Sausages & Hot Dogs",/p/20156771_EA
Mild Italian Sausage,$5.99 ,$5.99 ,"500 g, $1.20/100g","Bacon, Sausages & Hot Dogs",/p/20303844_EA
Free From Maple Breakfast Pork Sausages,$6.99 ,$6.99 ,"375 g, $1.86/100g","Bacon, Sausages & Hot Dogs",/p/20521370_EA
Free From Honey Garlic Flavoured Pork Sausages ,$6.99 ,$6.99 ,"500 g, $1.40/100g","Bacon, Sausages & Hot Dogs",/p/20519917_EA
All Beef Hot Dogs,$8.49 ,$8.49 ,"375 g, $2.26/100g","Bacon, Sausages & Hot Dogs",/p/21444537_EA
Original Smokies,$14.99 ,$14.99 ,"1 kg, $1.50/100g","Bacon, Sausages & Hot Dogs",/p/20733617_EA
Chicken Wiener,$2.49 ,$2.49 ,"450 g, $0.55/100g","Bacon, Sausages & Hot Dogs",/p/20062715_EA
Chicken Bacon-Style,$3.99 ,$5.49 ,"375 g, $1.06/100g","Bacon, Sausages & Hot Dogs",/p/20099204_EA
Free From Hot Italian Pork Sausages,$6.99 ,$6.99 ,"500 g, $1.40/100g","Bacon, Sausages & Hot Dogs",/p/20562167_EA
Natural Top Dogs BBQ Hot Dogs,$6.49 ,$6.49 ,"375 g, $1.73/100g","Bacon, Sausages & Hot Dogs",/p/21182968_EA
"Bacon, Mild Sugar Cured with Reduced Salt, Uncooked",$8.00 ,$8.00 ,"500 g, $1.60/100g","Bacon, Sausages & Hot Dogs",/p/20174909_EA
Hotdog Buns 12 Pack,$4.29 ,$4.29 ,"0.78 kg, $0.55/100g","Bacon, Sausages & Hot Dogs",/p/21204654_EA
Bacon-Rasher Turkey     ,$6.99 ,$6.99 ,"300 g, $2.33/100g","Bacon, Sausages & Hot Dogs",/p/21183486_EA
Free From Bangers Pork Sausages,$6.99 ,$6.99 ,"500 g, $1.40/100g","Bacon, Sausages & Hot Dogs",/p/20744442_EA
Chicken Wieners Original,$2.49 ,$2.49 ,"450 g, $0.55/100g","Bacon, Sausages & Hot Dogs",/p/20006571_EA
Free From Wieners,$5.49 ,$5.49 ,"375 g, $1.46/100g","Bacon, Sausages & Hot Dogs",/p/20655298_EA
Free From Chorizo Pork Sausages,$6.99 ,$6.99 ,"500 g, $1.40/100g","Bacon, Sausages & Hot Dogs",/p/21283665_EA
"Smoked Sausages, Cheese",$10.00 ,$10.00 ,"900 g, $1.11/100g","Bacon, Sausages & Hot Dogs",/p/20734142_EA
Natural Top Dogs Less Salt Hot Dogs,$5.99 ,$5.99 ,"375 g, $1.60/100g","Bacon, Sausages & Hot Dogs",/p/21094873_EA
"Hamburger Buns 12 Pack, Texas-Style",$4.29 ,$4.29 ,"780 g, $0.55/100g","Bacon, Sausages & Hot Dogs",/p/21204652_EA
Mild Italian Pork Sausages,$15.99 ,$15.99 ,"1.45 kg, $1.10/100g","Bacon, Sausages & Hot Dogs",/p/21218891_EA
Hot Italian Sausage,$5.99 ,$5.99 ,"500 g, $1.20/100g","Bacon, Sausages & Hot Dogs",/p/20003902_EA
All-Beef Wieners,$6.00 ,$6.00 ,"450 g, $1.33/100g","Bacon, Sausages & Hot Dogs",/p/20096883_EA
Plant Based Sweet Italian Sausage,$8.49 ,$8.49 ,"400 g, $2.12/100g","Bacon, Sausages & Hot Dogs",/p/21311550_EA
Hot Italian Pork Sausages,$15.99 ,$15.99 ,"1.45 kg, $1.10/100g","Bacon, Sausages & Hot Dogs",/p/21218902_EA
Side Bacon,$13.49 ,$13.49 ,"500 g, $2.70/100g","Bacon, Sausages & Hot Dogs",/p/20133989_EA
Double Smoked Back Bacon,$8.49 ,$8.49 ,"375 g, $2.26/100g","Bacon, Sausages & Hot Dogs",/p/20285088_EA
European Wieners,$12.49 ,$12.49 ,"500 g, $2.50/100g","Bacon, Sausages & Hot Dogs",/p/21093500_EA
Sweet Italian Jumbo Sausage,$6.49 ,$6.49 ,"675 g, $0.96/100g","Bacon, Sausages & Hot Dogs",/p/21289731_EA
Fully Cooked Maple Breakfast Sausages,$6.99 ,$6.99 ,"250 g, $2.80/100g","Bacon, Sausages & Hot Dogs",/p/21290154_EA
"Cocktail Sausage Smokies, Original",$9.49 ,$9.49 ,"500 g, $1.90/100g","Bacon, Sausages & Hot Dogs",/p/20101081_EA
Cheddar Jalapeno Smokies Pork Sausages,$14.99 ,$14.99 ,"1000 g, $1.50/100g","Bacon, Sausages & Hot Dogs",/p/21094876_EA
Marc Angelo Pork Sausages with Rapini and Parmigiano Reggiano Cheese 675 g,$6.99 ,$6.99 ,"675 g, $1.04/100g","Bacon, Sausages & Hot Dogs",/p/21366170_EA
Hot Italian Pork Sausages,$15.99 ,$15.99 ,"1.45 kg, $1.10/100g","Bacon, Sausages & Hot Dogs",/p/21218902_EA
"Natural Top Dogs BBQ Hot Dogs, Family Pack",$11.99 ,$11.99 ,"900 g, $1.33/100g","Bacon, Sausages & Hot Dogs",/p/21200197_EA
Side Bacon,$13.49 ,$13.49 ,"500 g, $2.70/100g","Bacon, Sausages & Hot Dogs",/p/20133989_EA
Pork Tocino,$3.99 ,$5.99 ,"375 g, $1.06/100g","Bacon, Sausages & Hot Dogs",/p/20546499_EA
Beyond Beef Grounds,$5.99 ,$5.99 ,"340 g, $1.76/100g","Bacon, Sausages & Hot Dogs",/p/21220674_EA
Honey Garlic Sausage Ring,$9.49 ,$9.49 ,"300 g, $3.16/100g","Bacon, Sausages & Hot Dogs",/p/20729717_EA
Pork Breakfast Sausages,$5.49 ,$5.49 ,"500 g, $1.10/100g","Bacon, Sausages & Hot Dogs",/p/21218686_EA
Original Breakfast Sausage Rounds,$5.99 ,$5.99 ,"250 g, $2.40/100g","Bacon, Sausages & Hot Dogs",/p/20878286_EA
"All Beef Wieners, Club Pack",$17.00 ,$17.00 ,"1.5 kg, $1.13/100g","Bacon, Sausages & Hot Dogs",/p/20961406_EA
Halal Chicken Breast Strips,$5.99 ,$5.99 ,"375 g, $1.60/100g","Bacon, Sausages & Hot Dogs",/p/21021507_EA
"Sausage Ring, Cheddar Jalapeno",$9.49 ,$9.49 ,"300 g, $3.16/100g","Bacon, Sausages & Hot Dogs",/p/20729587_EA
Pork Breakfast Sausages,$12.00 ,$12.00 ,"1.2 kg, $1.00/100g","Bacon, Sausages & Hot Dogs",/p/20799697_EA
Free From Pork Frankfurters,$6.49 ,$6.49 ,"375 g, $1.73/100g","Bacon, Sausages & Hot Dogs",/p/20975521_EA
"Naturally Smoked Wieners, All Beef",$9.99 ,$9.99 ,"675 g, $1.48/100g","Bacon, Sausages & Hot Dogs",/p/20059517_EA
Gourmet Chicken Sweet Pepper Fully Cooked Sausage,$5.99 ,$5.99 ,"375 g, $1.60/100g","Bacon, Sausages & Hot Dogs",/p/21400524_EA
Beef Wieners,$25.99 ,$25.99 ,"1.8 kg, $1.44/100g","Bacon, Sausages & Hot Dogs",/p/20772653_EA
Smokehouse Bacon Ends,$14.99 ,$14.99 ,"2 kg, $0.75/100g","Bacon, Sausages & Hot Dogs",/p/20976153_EA
"Italian Style Pork Meatballs, Frozen",$12.49 ,$12.49 ,"1.4 kg, $0.89/100g","Bacon, Sausages & Hot Dogs",/p/21088753_EA
Ground Hot Italian Sausage,$5.99 ,$5.99 ,"375 g, $1.60/100g","Bacon, Sausages & Hot Dogs",/p/20878417_EA
"Chicken gyro kits, cooked",$16.99 ,$16.99 ,"788 g, $2.16/100g","Bacon, Sausages & Hot Dogs",/p/21418572_EA
Jalapeno & Mozzerella Smokies,$6.48 ,$6.48 ,"450 g, $1.44/100g","Bacon, Sausages & Hot Dogs",/p/21313820_EA
"Smoked Sausage, Spicy Sicilian",$7.99 ,$7.99 ,"375 g, $2.13/100g","Bacon, Sausages & Hot Dogs",/p/21094089_EA
Wieners,$7.99 ,$7.99 ,"450 g, $1.78/100g","Bacon, Sausages & Hot Dogs",/p/20167835_EA
"Smoked Sausage, Buffalo Cheese",$7.49 ,$7.49 ,"375 g, $2.00/100g","Bacon, Sausages & Hot Dogs",/p/20672031_EA
Naturally Smoked Farmer Sausage,$10.99 ,$10.99 ,"500 g, $2.20/100g","Bacon, Sausages & Hot Dogs",/p/20334864_EA
Turkey Sausages Mild Italian,$6.49 ,$7.49 ,"500 g, $1.30/100g","Bacon, Sausages & Hot Dogs",/p/21064934_EA
Free From Bacon Style Turkey,$8.49 ,$8.49 ,"300 g, $2.83/100g","Bacon, Sausages & Hot Dogs",/p/21400474_EA
"Smoked Sausage, Beef",$7.99 ,$7.99 ,"375 g, $2.13/100g","Bacon, Sausages & Hot Dogs",/p/20957736_EA
All Beef Farmer's Sausage,$9.99 ,$9.99 ,"375 g, $2.66/100g","Bacon, Sausages & Hot Dogs",/p/20955506_EA
Hot Italian Jumbo Sausage,$6.49 ,$6.49 ,"675 g, $0.96/100g","Bacon, Sausages & Hot Dogs",/p/21289868_EA
Mini Smoked Farmer Sausages,$10.99 ,$10.99 ,"500 g, $2.20/100g","Bacon, Sausages & Hot Dogs",/p/20098091_EA
Sausage Snacks Original Fully Cooked Chicken Sticks,$10.49 ,$10.49 ,"300 g, $3.50/100g","Bacon, Sausages & Hot Dogs",/p/21454210_EA
Ultimate Chicken Breakfast Sausages Maple Flavour,$6.19 ,$6.19 ,"375 g, $1.65/100g","Bacon, Sausages & Hot Dogs",/p/21539969_EA
Double Smoked Farmers Sausage,$12.99 ,$12.99 ,"500 g, $2.60/100g","Bacon, Sausages & Hot Dogs",/p/20122094_EA
"Free From Original Breakfast Pork Sausages, Club Pack",$11.99 ,$11.99 ,"750 g, $1.60/100g","Bacon, Sausages & Hot Dogs",/p/21208542_EA
Sausage Chicken,$5.49 ,$5.49 ,"375 g, $1.46/100g","Bacon, Sausages & Hot Dogs",/p/20060583_EA
Dry Cured Bacon,$8.49 ,$8.49 ,"500 g, $1.70/100g","Bacon, Sausages & Hot Dogs",/p/20112146_EA
Hot Dogs Chicken Club Pack,$6.00 ,$6.00 ,"1.5 kg, $0.40/100g","Bacon, Sausages & Hot Dogs",/p/21414691_EA
Farmer Sausage,$15.00 ,$15.00 ,"1 kg, $1.50/100g","Bacon, Sausages & Hot Dogs",/p/20565358_EA
"Mennonite Style Sausage, Club Pack",$15.00 ,$15.00 ,"1 kg, $1.50/100g","Bacon, Sausages & Hot Dogs",/p/20154815_EA
"Pork Sausages, Tray Pack",$5.17 ,$5.17 ,$11.00/1kg,"Bacon, Sausages & Hot Dogs",/p/20682661_KG
Ultimate Mild Chicken Dinner Sausage,$6.99 ,$6.99 ,"500 g, $1.40/100g","Bacon, Sausages & Hot Dogs",/p/21378310_EA
Turkey Franks,$4.99 ,$4.99 ,"450 g, $1.11/100g","Bacon, Sausages & Hot Dogs",/p/20604413_EA
Applewood Bacon,$13.49 ,$13.49 ,"500 g, $2.70/100g","Bacon, Sausages & Hot Dogs",/p/20851410_EA
Chicken Sausages,$8.49 ,$8.49 ,"375 g, $2.26/100g","Bacon, Sausages & Hot Dogs",/p/21378955_EA
"Italian Sausages, Sweet",$12.00 ,$12.00 ,"1.4 kg, $0.86/100g","Bacon, Sausages & Hot Dogs",/p/20799828_EA
Hot Longanisa,$3.99 ,$5.49 ,"375 g, $1.06/100g","Bacon, Sausages & Hot Dogs",/p/20546498_EA
Classic Street Cart Sausages™,$6.99 ,$6.99 ,"500 g, $1.40/100g","Bacon, Sausages & Hot Dogs",/p/21525049_EA
Sweet Longanisa,$3.99 ,$5.49 ,"375 g, $1.06/100g","Bacon, Sausages & Hot Dogs",/p/20546965_EA
Daystarters Sausage Turkey ,$3.99 ,$5.49 ,"375 g, $1.06/100g","Bacon, Sausages & Hot Dogs",/p/20178401_EA
Knackwurst Smoked Sausages,$10.00 ,$10.00 ,"900 g, $1.11/100g","Bacon, Sausages & Hot Dogs",/p/20734141_EA
Mild Sugar Cured Bacon,$23.77 ,$23.77 ,$17.61/1kg,"Bacon, Sausages & Hot Dogs",/p/20804534_KG
Garlic Farmers Sausage,$8.49 ,$8.49 ,"500 g, $1.70/100g","Bacon, Sausages & Hot Dogs",/p/20171218_EA
Free From Naturally Smoked Fully Cooked Bacon,$6.49 ,$6.49 ,"65 g, $9.98/100g","Bacon, Sausages & Hot Dogs",/p/20905021_EA
Juicy Jumbos Original Hot Dogs Family Pack,$12.99 ,$12.99 ,"900 g, $1.44/100g","Bacon, Sausages & Hot Dogs",/p/20965650_EA
Fully Cooked Smoked Sausages Loads Of Monterey Jack & Red Bell Pepper Chicken,$7.19 ,$7.19 ,"375 g, $1.92/100g","Bacon, Sausages & Hot Dogs",/p/21178953_EA
Jumbo Sausage,$6.49 ,$6.49 ,"675 g, $0.96/100g","Bacon, Sausages & Hot Dogs",/p/21289960_EA
"Smoked Sausage, Doubled Smoked",$7.49 ,$7.49 ,"375 g, $2.00/100g","Bacon, Sausages & Hot Dogs",/p/21022047_EA
Brown Sugar & Honey Breakfast Sausage,$5.99 ,$5.99 ,"375 g, $1.60/100g","Bacon, Sausages & Hot Dogs",/p/20158166_EA
Ultimate Dinner Sausage Hot,$6.99 ,$6.99 ,"500 g, $1.40/100g","Bacon, Sausages & Hot Dogs",/p/21378346_EA
Spicy Italian Fully-Cooked Sausages,$8.49 ,$8.49 ,"375 g, $2.26/100g","Bacon, Sausages & Hot Dogs",/p/21378960_EA
Cheddar Hot Dogs,$6.99 ,$6.99 ,"375 g, $1.86/100g","Bacon, Sausages & Hot Dogs",/p/21444535_EA
Sweet Tocino,$3.99 ,$5.99 ,"375 g, $1.06/100g","Bacon, Sausages & Hot Dogs",/p/20547032_EA
Sausage Turkey Maple Flavour,$3.99 ,$5.49 ,"375 g, $1.06/100g","Bacon, Sausages & Hot Dogs",/p/20796132_EA
Free From Maple Flavoured Bacon,$7.49 ,$7.49 ,"375 g, $2.00/100g","Bacon, Sausages & Hot Dogs",/p/21109347_EA
Plant Based Breakfast Sausage,$8.49 ,$8.49 ,"300 g, $2.83/100g","Bacon, Sausages & Hot Dogs",/p/21311521_EA
Pure Pork Sausages,$20.49 ,$20.49 ,"2 kg, $1.02/100g","Bacon, Sausages & Hot Dogs",/p/20599943_EA
Chicken Breakfast Strips,$6.99 ,$6.99 ,"375 g, $1.86/100g","Bacon, Sausages & Hot Dogs",/p/20105121_EA
"Pork Sausages, Club Pack",$18.79 ,$18.79 ,$11.00/1kg,"Bacon, Sausages & Hot Dogs",/p/20683049_KG
Cheddar Smokies,$8.99 ,$8.99 ,"450 g, $2.00/100g","Bacon, Sausages & Hot Dogs",/p/20709991_EA
Free From Naturally Smoked Fully Cooked Thick Sliced Bacon,$6.49 ,$6.49 ,"65 g, $9.98/100g","Bacon, Sausages & Hot Dogs",/p/20904987_EA
Turkey Sausages Bratwurst,$6.49 ,$7.49 ,"500 g, $1.30/100g","Bacon, Sausages & Hot Dogs",/p/21064930_EA
Street Cart Sausages™ Cheddar Cheese,$6.99 ,$6.99 ,"500 g, $1.40/100g","Bacon, Sausages & Hot Dogs",/p/21525048_EA
Italian Smokies,$14.99 ,$14.99 ,"1 kg, $1.50/100g","Bacon, Sausages & Hot Dogs",/p/20732538_EA
Original Bratwurst Sausage,$5.99 ,$5.99 ,"500 g, $1.20/100g","Bacon, Sausages & Hot Dogs",/p/20324373_EA
"Smoked Sausage, Classic Cheddar",$7.99 ,$7.99 ,"375 g, $2.13/100g","Bacon, Sausages & Hot Dogs",/p/20110407_EA
Steak-Cut Smoked Bacon Stacon Uncooked,$8.49 ,$8.49 ,"500 g, $1.70/100g","Bacon, Sausages & Hot Dogs",/p/21197439_EA
Pork Breakfast Patties,$12.00 ,$12.00 ,"1.2 kg, $1.00/100g","Bacon, Sausages & Hot Dogs",/p/20799699_EA
"Pork gyro kits, cooked",$16.99 ,$16.99 ,"788 g, $2.16/100g","Bacon, Sausages & Hot Dogs",/p/21418578_EA
Fully Cooked Breakfast Sausage,$6.99 ,$6.99 ,"250 g, $2.80/100g","Bacon, Sausages & Hot Dogs",/p/21290265_EA
Sausage Mild Italian,$8.99 ,$8.99 ,"400 g, $2.25/100g","Bacon, Sausages & Hot Dogs",/p/21300113_EA
October Wurst Fully Cooked Pork Sausages,$14.99 ,$14.99 ,"1 kg, $1.50/100g","Bacon, Sausages & Hot Dogs",/p/20732539_EA
Smoked Wieners,$9.99 ,$9.99 ,"675 g, $1.48/100g","Bacon, Sausages & Hot Dogs",/p/20357532_EA
Lo Kale & Asiago Chkn Ssg,$7.19 ,$7.19 ,"375 g, $1.92/100g","Bacon, Sausages & Hot Dogs",/p/21178955_EA
Spicy Supreme Chicken Frankfurters,$5.49 ,$6.49 ,"900 g, $0.61/100g","Bacon, Sausages & Hot Dogs",/p/21023379_EA
Breakfast Sausage,$5.99 ,$5.99 ,"235 g, $2.55/100g","Bacon, Sausages & Hot Dogs",/p/21399630_EA
Plant Based Beefless Ground,$8.99 ,$8.99 ,"340 g, $2.64/100g","Bacon, Sausages & Hot Dogs",/p/21337574_EA
Turkey Sausages Hot Italian,$6.49 ,$7.49 ,"500 g, $1.30/100g","Bacon, Sausages & Hot Dogs",/p/21064917_EA
Breakfast Sausage,$10.00 ,$10.00 ,"1.2 kg, $0.83/100g","Bacon, Sausages & Hot Dogs",/p/21021500_EA
"Natural Top Dogs Original Hot Dogs, Family Size",$11.99 ,$11.99 ,"900 g, $1.33/100g","Bacon, Sausages & Hot Dogs",/p/20681397_EA
"Smoked Sausage, Beef & Cheddar",$7.99 ,$7.99 ,"375 g, $2.13/100g","Bacon, Sausages & Hot Dogs",/p/20957492_EA
Original Sizzlin Smokies,$8.99 ,$8.99 ,"450 g, $2.00/100g","Bacon, Sausages & Hot Dogs",/p/20709755_EA
Plant Based Spicy Italian Sausage,$8.49 ,$8.49 ,"400 g, $2.12/100g","Bacon, Sausages & Hot Dogs",/p/21311518_EA
Ground Mild Italian Sausage,$5.99 ,$5.99 ,"375 g, $1.60/100g","Bacon, Sausages & Hot Dogs",/p/20878411_EA
Smokehouse Maple Bacon,$3.49 ,$3.49 ,"500 g, $0.70/100g","Bacon, Sausages & Hot Dogs",/p/21307362_EA
"Smoked Sausage, Polish Style",$7.49 ,$7.49 ,"375 g, $2.00/100g","Bacon, Sausages & Hot Dogs",/p/20571561_EA
"Smoked Sausage, Classic Recipe",$7.99 ,$7.99 ,"375 g, $2.13/100g","Bacon, Sausages & Hot Dogs",/p/20003128_EA
Polish Sausages,$11.99 ,$11.99 ,"675 g, $1.78/100g","Bacon, Sausages & Hot Dogs",/p/21027220_EA
Sliced Back Bacon,$8.99 ,$8.99 ,"250 g, $3.60/100g","Bacon, Sausages & Hot Dogs",/p/20065190_EA
Wieners,$22.99 ,$22.99 ,"1.8 kg, $1.28/100g","Bacon, Sausages & Hot Dogs",/p/20773105_EA
"Pork-Beef Breakfast Sausages, Club Pack",$18.84 ,$18.84 ,$11.00/1kg,"Bacon, Sausages & Hot Dogs",/p/20682878_KG
Ultimate Chicken Breakfast Sausages Original,$6.19 ,$6.19 ,"375 g, $1.65/100g","Bacon, Sausages & Hot Dogs",/p/21539970_EA
"Smoked Sausage, Cheddar",$7.49 ,$7.49 ,"375 g, $2.00/100g","Bacon, Sausages & Hot Dogs",/p/20355614_EA
Family Pack Bacon,$24.99 ,$24.99 ,"4x375.0 g, $1.67/100g","Bacon, Sausages & Hot Dogs",/p/20772638_EA
Jumbo Smoked Wieners ,$8.00 ,$8.00 ,"675 g, $1.19/100g","Bacon, Sausages & Hot Dogs",/p/20012327_EA
"Smoked Sausage, Chili Cheese",$6.49 ,$6.49 ,"375 g, $1.73/100g","Bacon, Sausages & Hot Dogs",/p/20563487_EA
Sliced Mild Sugar Cured Bacon,$27.12 ,$27.12 ,$17.61/1kg,"Bacon, Sausages & Hot Dogs",/p/20804532_KG
Angus Ballpark Franks,$7.49 ,$7.49 ,"450 g, $1.66/100g","Bacon, Sausages & Hot Dogs",/p/21195235_EA
Simple Check Mini Hot Dogs Original 225 g,$3.00 ,$3.00 ,"225 g, $1.33/100g","Bacon, Sausages & Hot Dogs",/p/21349555_EA
Corn Dog,$12.59 ,$12.59 ,"1 kg, $1.26/100g","Bacon, Sausages & Hot Dogs",/p/21406950_EA
Simple Check Mini Hot Dogs Cheddar 225 g,$3.00 ,$3.00 ,"225 g, $1.33/100g","Bacon, Sausages & Hot Dogs",/p/21349587_EA
"Italian Sausage, Sweet Basil",$5.99 ,$5.99 ,"500 g, $1.20/100g","Bacon, Sausages & Hot Dogs",/p/20695448_EA
Pork and Beef Breakfast Sausages,$5.49 ,$5.49 ,"500 g, $1.10/100g","Bacon, Sausages & Hot Dogs",/p/21241328_EA
Honey Garlic Smokies,$14.99 ,$14.99 ,"1 kg, $1.50/100g","Bacon, Sausages & Hot Dogs",/p/20732537_EA
"Free From Bacon Pieces, Fully Cooked",$5.99 ,$5.99 ,"85 g, $7.05/100g","Bacon, Sausages & Hot Dogs",/p/20904595_EA
Free From Maple Breakfast Pork Sausages,$11.99 ,$11.99 ,"750 g, $1.60/100g","Bacon, Sausages & Hot Dogs",/p/21208545_EA
Halal Chicken Wieners,$3.99 ,$3.99 ,"450 g, $0.89/100g","Bacon, Sausages & Hot Dogs",/p/21020677_EA
Cornmeal Back Bacon,$12.86 ,$12.86 ,$30.85/1kg,"Bacon, Sausages & Hot Dogs",/p/21099563_KG
Honey Garlic Flavoured Pork Sausages ,$15.99 ,$15.99 ,"1.45 kg, $1.10/100g","Bacon, Sausages & Hot Dogs",/p/21218159_EA
Bratwurst,$7.49 ,$7.49 ,"375 g, $2.00/100g","Bacon, Sausages & Hot Dogs",/p/20127231_EA
Honey Garlic Sausage,$5.99 ,$5.99 ,"500 g, $1.20/100g","Bacon, Sausages & Hot Dogs",/p/20965921_EA
"Breakfast Sausages, Tray Pack",$5.17 ,$5.17 ,$11.00/1kg,"Bacon, Sausages & Hot Dogs",/p/20682835_KG
"Original Wieners, Club Pack Original",$12.00 ,$12.00 ,"1.5 kg, $0.80/100g","Bacon, Sausages & Hot Dogs",/p/20961816_EA
Ultimate Chicken Wiener,$5.49 ,$6.49 ,"900 g, $0.61/100g","Bacon, Sausages & Hot Dogs",/p/20671791_EA
Classic Hot Dogs,$6.99 ,$6.99 ,"375 g, $1.86/100g","Bacon, Sausages & Hot Dogs",/p/21444538_EA
Fully Cooked Sausage Gourmet Chicken Spinach Feta,$5.99 ,$5.99 ,"375 g, $1.60/100g","Bacon, Sausages & Hot Dogs",/p/21400513_EA
"Ultimate Chicken Wiener, Spicy",$5.49 ,$6.49 ,"900 g, $0.61/100g","Bacon, Sausages & Hot Dogs",/p/21023278_EA
Smoked & Fully Cooked Sausages Pure Pork Smoked Bratwurst,$7.49 ,$7.49 ,"375 g, $2.00/100g","Bacon, Sausages & Hot Dogs",/p/20355818_EA
"Chicken Stix, Fully Cooked",$10.49 ,$10.49 ,"300 g, $3.50/100g","Bacon, Sausages & Hot Dogs",/p/21454211_EA
"Italian Sausages, Hot",$12.00 ,$12.00 ,"1.4 kg, $0.86/100g","Bacon, Sausages & Hot Dogs",/p/20799825_EA
"Halal Hot Dog, Supreme",$5.49 ,$6.49 ,"900 g, $0.61/100g","Bacon, Sausages & Hot Dogs",/p/20911445_EA
Lo Chdr Jalapeno Chk Ssg,$7.69 ,$7.69 ,"375 g, $2.05/100g","Bacon, Sausages & Hot Dogs",/p/21178942_EA
Original Smoked Sausages,$10.00 ,$10.00 ,"900 g, $1.11/100g","Bacon, Sausages & Hot Dogs",/p/20734371_EA
Beef Sausages,$7.49 ,$7.49 ,"375 g, $2.00/100g","Bacon, Sausages & Hot Dogs",/p/21548446_EA
Salt & Pepper Sausage Meat ,$7.49 ,$7.49 ,"375 g, $2.00/100g","Bacon, Sausages & Hot Dogs",/p/21097231_EA
Beyond Sausage Hot Italian,$7.99 ,$7.99 ,"400 g, $2.00/100g","Bacon, Sausages & Hot Dogs",/p/21300103_EA
Free From Lean Ground Pork,$5.48 ,$5.48 ,"454 g, $1.21/100g",Pork,/p/20883220_EA
Original Half Ham,$13.99 ,$13.99 ,"700 g, $2.00/100g",Pork,/p/21094878_EA
Pork Picnic Shoulder,$13.42 ,$13.42 ,$3.90/1kg,Pork,/p/21161819_KG
"Free From Boneless Centre Pork Chop, Club Pack",$14.40 ,$14.40 ,$12.10/1kg,Pork,/p/21097491_KG
"Medium Ground Pork, Club Pack",$14.80 ,$14.80 ,$9.02/1kg,Pork,/p/20639981_KG
Pork Picnic,$14.97 ,$14.97 ,$3.90/1kg,Pork,/p/20621861_KG
BBQ Pork Ribs,$12.99 ,$12.99 ,"600 g, $2.17/100g",Pork,/p/21022221_EA
Premium Lean Hickory Smoked Ham Steak,$5.99 ,$5.99 ,"454 g, $1.32/100g",Pork,/p/20565266_EA
Free From Pork Loin Combo Chops,$15.20 ,$15.20 ,$10.34/1kg,Pork,/p/21097611_KG
Ground Pork,$11.00 ,$11.00 ,"750 g, $1.47/100g",Pork,/p/20731853_EA
97% Fat Free Lower Sodium Smoked Ham,$14.99 ,$14.99 ,"700 g, $2.14/100g",Pork,/p/21103484_EA
Smokin Stampede Pork Back Ribs Frozen,$14.49 ,$14.49 ,"680 g, $2.13/100g",Pork,/p/20071715_EA
Original Natural Smoked Ham,$14.49 ,$14.49 ,"600 g, $2.42/100g",Pork,/p/21094883_EA
Free From Smoked Ham,$14.49 ,$14.49 ,"700 g, $2.07/100g",Pork,/p/20682690_EA
"Pork Back Ribs, Honey Garlic",$12.99 ,$12.99 ,"600 g, $2.17/100g",Pork,/p/21093780_EA
"Fully Cooked Pork Back Ribs, Smokin Stampede",$13.49 ,$13.49 ,"500 g, $2.70/100g",Pork,/p/21284542_EA
Honey Barbecue Pork Back Ribs,$14.49 ,$14.49 ,"680 g, $2.13/100g",Pork,/p/20349767_EA
Dry-Rubbed Sea Salt & Black Pepper Pork Back Ribs,$14.49 ,$14.49 ,"680 g, $2.13/100g",Pork,/p/21178472_EA
"Free from Bone in Center Cut chop Fast Fry, Club Size",$18.57 ,$18.57 ,$13.20/1kg,Pork,/p/21097553_KG
"Free From, Fast Fry Boneless Pork Loin Centre Cut",$8.09 ,$8.09 ,$16.51/1kg,Pork,/p/21097516_KG
Natural Smoked Black Forest Ham,$14.49 ,$14.49 ,"600 g, $2.42/100g",Pork,/p/21094853_EA
Carolina Gold Sauce Pork Back Ribs,$13.99 ,$13.99 ,"500 g, $2.80/100g",Pork,/p/21517824_EA
Free From Pork Tenderloin,$15.56 ,$15.56 ,$15.41/1kg,Pork,/p/21097764_KG
Free From Boneless Pork Center Cut Chop,$8.42 ,$8.42 ,$16.51/1kg,Pork,/p/21097497_KG
Boneless Pork Bites,$5.99 ,$6.99 ,"400 g, $1.50/100g",Pork,/p/21047671_EA
"Lethbridge Pork Butt Roast, Boneless",$18.70 ,$18.70 ,$16.29/1kg,Pork,/p/20887389_KG
"Free From Side Pork Piece, Tray Pack",$13.06 ,$13.06 ,$17.62/1kg,Pork,/p/21097014_KG
Lethbridge Boneless Pork Leg Roast,$13.13 ,$13.13 ,$13.21/1kg,Pork,/p/20964443_KG
Free From Boneless Rib End Pork Chops,$18.43 ,$18.43 ,$13.65/1kg,Pork,/p/21098215_KG
Natural Smoked Original Sausage,$7.99 ,$7.99 ,"375 g, $2.13/100g",Pork,/p/21531743_EA
"Lethbridge Pork Loin Rib Rack, Bone In",$17.32 ,$17.32 ,$15.41/1kg,Pork,/p/20887388_KG
"Boneless Rib End Pork Chops, Club Pack",$16.21 ,$16.21 ,$12.10/1kg,Pork,/p/21097505_KG
"Lethbridge Pork Rib Chop, Boneless",$7.41 ,$7.41 ,$16.95/1kg,Pork,/p/20887383_KG
"Free From Pork Tenderloin, Club Pack",$25.76 ,$25.76 ,$13.21/1kg,Pork,/p/21097758_KG
Lethbridge Pork Legs Boneless,$5.12 ,$5.12 ,$12.10/1kg,Pork,/p/20964442_KG
"Free From Pork Bone In Picnic Roast, Tray Pack",$18.59 ,$18.59 ,$11.00/1kg,Pork,/p/21097211_KG
Free From Pork Schnitzel,$24.39 ,$24.39 ,$16.98/1kg,Pork,/p/21097746_KG
"Free From Pork Side Rib, Sweet & Sour Club Pack",$37.84 ,$37.84 ,$12.99/1kg,Pork,/p/21097818_KG
Smokin' Honey Fully Cooked Pork Back Ribs,$13.49 ,$13.49 ,"500 g, $2.70/100g",Pork,/p/21284538_EA
"Free From Pork Riblets, Tray Pack",$5.32 ,$5.32 ,$10.56/1kg,Pork,/p/21097015_KG
Lethbridge Pork Back Ribs,$10.15 ,$10.15 ,$19.48/1kg,Pork,/p/20964464_KG
"Free From Boneless Sirloin Chops, Club Pack",$14.98 ,$14.98 ,$11.00/1kg,Pork,/p/21097532_KG
"Free From Boneless Rib End Pork Chops, Tray Pack",$5.39 ,$5.39 ,$14.31/1kg,Pork,/p/21097500_KG
"Free From Pork Side Ribs Sweet & Sour, Tray Pack",$19.95 ,$19.95 ,$13.21/1kg,Pork,/p/21097842_KG
Pork Combo Chops,$15.56 ,$15.56 ,$9.90/1kg,Pork,/p/20976983_KG
Free From Pork Side Rib Breast,$21.77 ,$21.77 ,$12.88/1kg,Pork,/p/21098010_KG
"Lethbridge Pork Centre Cut Chop, Bone In",$7.62 ,$7.62 ,$16.07/1kg,Pork,/p/20887386_KG
Boneless Smoked Ham,$19.99 ,$19.99 ,"1500 g, $1.33/100g",Pork,/p/21120346_EA
Lethbridge Pork Frenched Rib Chop Bone In,$7.12 ,$7.12 ,$15.41/1kg,Pork,/p/20887387_KG
"Pork Centre Cut Chop Bone In, Club Pack",$12.24 ,$12.24 ,$11.66/1kg,Pork,/p/21098236_KG
Lethbridge Pork Tenderloin,$9.53 ,$9.53 ,$17.61/1kg,Pork,/p/20964429_KG
"Free From Bone In Pork Sirloin Chops, Tray Pack",$9.03 ,$9.03 ,$12.99/1kg,Pork,/p/21097537_KG
Pork Half Loin,$19.80 ,$19.80 ,$6.60/1kg,Pork,/p/20554787_KG
Free From Center Cut Loin Roast Fillet,$10.02 ,$10.02 ,$15.41/1kg,Pork,/p/21097512_KG
"Free From Pork Leg Roast, Tray Pack",$16.24 ,$16.24 ,$16.95/1kg,Pork,/p/21097199_KG
Smoked Whole Ham,$32.75 ,$32.75 ,$7.91/1kg,Pork,/p/20062453_KG
Quarter Toupie Style Smoked Ham,$11.70 ,$11.70 ,$8.80/1kg,Pork,/p/20155592_KG
Frozen Pork Half Loin Bagged,$28.76 ,$28.76 ,$7.67/1kg,Pork,/p/21219244_KG
Fully Cooked Ham,$13.00 ,$13.00 ,"800 g, $1.63/100g",Pork,/p/20858029_EA
Fully Cooked and Seasoned Pork Tenderloin,$13.99 ,$13.99 ,"400 g, $3.50/100g",Pork,/p/21530762_EA
Frozen Pork Back Ribs,$25.32 ,$25.32 ,$9.90/1kg,Pork,/p/20970909_KG
"Free From Pork Shoulder, Tray Pack",$19.72 ,$19.72 ,$12.10/1kg,Pork,/p/21096966_KG
"Free From Bone In Fast Fry Pork Center Cut, Tray Pack",$9.88 ,$9.88 ,$14.97/1kg,Pork,/p/21097555_KG
Sliced Smoked Halal Chicken Breast Roast,$4.99 ,$4.99 ,"200 g, $2.50/100g",Pork,/p/20911558_EA
"Free From Bone In Picnic Roast, Club Pack",$32.57 ,$32.57 ,$9.90/1kg,Pork,/p/21097101_KG
"Pork Back Ribs, 2-pack",$45.97 ,$45.97 ,$19.82/1kg,Pork,/p/20769496_KG
Pure Pork Sausage,$6.49 ,$6.49 ,"375 g, $1.73/100g",Pork,/p/21030979_EA
"Cooked Rotisserie Chicken Legs, 3 Pieces",$13.99 ,$13.99 ,"600 g, $2.33/100g",Pork,/p/21530642_EA
"Free From Pork Side Slices, Tray Pack",$5.30 ,$5.30 ,$18.28/1kg,Pork,/p/21097011_KG
"Free From Bone In Center Cut Chop, Club Pack",$25.93 ,$25.93 ,$13.21/1kg,Pork,/p/21097565_KG
Lethbridge Pork Loin Centre Cut Chop Boneless,$8.23 ,$8.23 ,$18.50/1kg,Pork,/p/20887382_KG
"Free From Pork Loin Sirloin Chops, Club Pack",$20.55 ,$20.55 ,$9.90/1kg,Pork,/p/21097577_KG
Free From Pork Stir Fry,$6.73 ,$6.73 ,$16.29/1kg,Pork,/p/21097216_KG
"Free From Bone In Rib End Chops, Tray Pack",$6.99 ,$6.99 ,$11.00/1kg,Pork,/p/21097548_KG
"Free From Pork Breast Bones, Tray Pack",$4.89 ,$4.89 ,$6.59/1kg,Pork,/p/21096976_KG
Free From Pork Stewing Cubes,$7.25 ,$7.25 ,$13.43/1kg,Pork,/p/21097196_KG
"Free From Pork Shoulder Blade Steaks, Tray Pack",$10.73 ,$10.73 ,$13.20/1kg,Pork,/p/21097095_KG
"Free From Country Style Pork Rib, Club Pack",$13.54 ,$13.54 ,$11.98/1kg,Pork,/p/21097601_KG
"Free From Pork Shoulder Blade Steaks, Club Pack",$30.63 ,$30.63 ,$14.30/1kg,Pork,/p/21097097_KG
Natural Smoked Cheddar Sausage,$7.99 ,$7.99 ,"375 g, $2.13/100g",Pork,/p/21531758_EA
"Free From Boneless Pork Centre Chop Loin Roast, Club Pack",$30.10 ,$30.10 ,$13.20/1kg,Pork,/p/21097514_KG
Natural Ground Pork Sausage Meat,$7.49 ,$7.49 ,"500 g, $1.50/100g",Pork,/p/20011925_EA
Lethbridge Pork Loin Centre Cut Roast Boneless,$17.69 ,$17.69 ,$17.39/1kg,Pork,/p/20887384_KG
Smoked Pork Hocks,$11.65 ,$11.65 ,$9.90/1kg,Pork,/p/20804806_KG
Lethbridge Pork Leg Steak Boneless,$4.36 ,$4.36 ,$13.21/1kg,Pork,/p/20964430_KG
"Free From Pork Leg Roast, Club Pack",$26.04 ,$26.04 ,$14.31/1kg,Pork,/p/21097203_KG
Sliced Cooked Chicken Breast Roast,$4.99 ,$4.99 ,"200 g, $2.50/100g",Pork,/p/20911611_EA
"Pork Loin Sirloin Chops, Club Pack",$15.44 ,$15.44 ,$9.90/1kg,Pork,/p/21097542_KG
Black Forest Ham,$18.00 ,$18.00 ,"1.3 kg, $1.38/100g",Pork,/p/20858030_EA
Pork Liver,$7.99 ,$7.99 ,$12.10/1kg,Pork,/p/20865209_KG
"Free From Pork Back Ribs, Club Pack",$31.72 ,$31.72 ,$15.40/1kg,Pork,/p/21097766_KG
"Free From Bone In Pork Center Cut Chops, Tray Pack",$7.30 ,$7.30 ,$14.31/1kg,Pork,/p/21097572_KG
"Free From Boneless Pork Centre Chops, Club Pack",$20.46 ,$20.46 ,$11.00/1kg,Pork,/p/21098232_KG
Original Ham Steak,$6.99 ,$6.99 ,"175 g, $3.99/100g",Pork,/p/20060874_EA
"Free From Boneless Center Cut Loin Roast, Tray Pack",$11.60 ,$11.60 ,$15.41/1kg,Pork,/p/21097508_KG
"Free From Pork Hocks, Tray Pack",$10.47 ,$10.47 ,$10.76/1kg,Pork,/p/21097009_KG
Stadium Size Footlong Wieners,$5.94 ,$5.94 ,"375 g, $1.58/100g",Pork,/p/21530760_EA
Free From Pork Back Ribs,$18.93 ,$18.93 ,$18.72/1kg,Pork,/p/21097773_KG
Honey Ham,$18.00 ,$18.00 ,"1.3 kg, $1.38/100g",Pork,/p/20858028_EA
"Pork Boneless Combo Chop, Club Pack",$16.38 ,$16.38 ,$13.21/1kg,Pork,/p/21290057_KG
"Free From Pork Side Rib Breast, Club Pack",$31.72 ,$31.72 ,$11.00/1kg,Pork,/p/21097892_KG
Cook's Portion Ham,$36.17 ,$36.17 ,$8.80/1kg,Pork,/p/20559641_KG
"Free From Boneless Pork Blade Roast, Club Pack",$19.29 ,$19.29 ,$11.28/1kg,Pork,/p/21096969_KG
Montana's Texan BBQ Ribs,$12.99 ,$12.99 ,"650 g, $2.00/100g",Pork,/p/21203458_EA
"Pork Loin Bone-in Rib End Chop, Club Pack",$13.34 ,$13.34 ,$10.34/1kg,Pork,/p/21388774_KG
Natural Smoked Honey Garlic Sausage,$7.99 ,$7.99 ,"375 g, $2.13/100g",Pork,/p/21531739_EA
Lean Ground Veal ,$7.99 ,$7.99 ,"454 g, $1.76/100g",Lamb & Veal,/p/21127320_EA
Free From Lean Ground Lamb,$10.99 ,$10.99 ,"454 g, $2.42/100g",Lamb & Veal,/p/21352008_EA
Free From Australian Lamb Boneless Leg ,$33.44 ,$33.44 ,$24.23/1kg,Lamb & Veal,/p/20664359_KG
Free From Australian Lamb Shanks,$21.28 ,$21.28 ,$18.72/1kg,Lamb & Veal,/p/20798674_KG
Raw HOSO Thai White Shrimp,$7.00 ,$8.79 ,"340 g, $2.06/100g",Lamb & Veal,/p/21171370_EA
Free From Australian Lamb Frenched Rack,$30.41 ,$30.41 ,$50.69/1kg,Lamb & Veal,/p/20660950_KG
Free From Rosemary and Garlic Australian Lamb,$21.78 ,$21.78 ,$26.43/1kg,Lamb & Veal,/p/21024953_KG
Head On White Shrimp,$10.99 ,$12.99 ,"454 g, $2.42/100g",Lamb & Veal,/p/20939062_EA
Free From Australian Lamb Spiedini 24 Skewers,$22.49 ,$22.49 ,"480 g, $4.69/100g",Lamb & Veal,/p/21171557_EA
Peeled Shrimp,$10.99 ,$12.49 ,"400 g, $2.75/100g",Lamb & Veal,/p/20919098_EA
"Hoso Shrimp, Cooked",$9.99 ,$11.49 ,"400 g, $2.50/100g",Lamb & Veal,/p/20917802_EA
Bone in Lamb Stew,$26.99 ,$26.99 ,"1.25 kg, $2.16/100g",Lamb & Veal,/p/20007461_EA
Lamb Skewers ,$14.99 ,$14.99 ,"300 g, $5.00/100g",Lamb & Veal,/p/21491157_EA
Lamb Loin Chops,$12.23 ,$12.23 ,$33.05/1kg,Lamb & Veal,/p/20646095_KG
Free From Short Cut Leg Australian Lamb,$48.63 ,$48.63 ,$17.62/1kg,Lamb & Veal,/p/20819368_KG
Lamb Shoulder Chops,$17.69 ,$17.69 ,$24.23/1kg,Lamb & Veal,/p/20649127_KG
Lamb Loin Chops,$12.99 ,$12.99 ,"1 kg, $1.30/100g",Lamb & Veal,/p/21219480_EA
Free From Greek Australian Lamb Sirloin Roast  ,$21.35 ,$21.35 ,$41.86/1kg,Lamb & Veal,/p/20772554_KG
"Lamb Leg, Short Cut",$42.81 ,$42.81 ,$17.62/1kg,Lamb & Veal,/p/20062547_KG
"Lamb Leg, Short Cut, Previously Frozen",$40.53 ,$40.53 ,$17.62/1kg,Lamb & Veal,/p/20142553_KG
Fresh Lamb Leg - Short Cut,$42.15 ,$42.15 ,$17.62/1kg,Lamb & Veal,/p/20819288_KG
Headless Shrimp,$10.99 ,$12.99 ,"400 g, $2.75/100g",Lamb & Veal,/p/20917480_EA
Whole Lamb Shoulder Chop,$44.50 ,$44.50 ,$19.82/1kg,Lamb & Veal,/p/20053105_KG
Free From Rosemary and Garlic Frenched Rack Australian Lamb,$31.23 ,$31.23 ,$57.30/1kg,Lamb & Veal,/p/20659059_KG
"Free From Halal Fresh Lamb Shoulder, Square Cut",$19.00 ,$19.00 ,$15.41/1kg,Lamb & Veal,/p/20668039_KG
Lamb Rack Frenched Frozen,$23.42 ,$23.42 ,$48.48/1kg,Lamb & Veal,/p/20082875_KG
"Short Loin Saddle of Lamb, Fresh",$19.38 ,$19.38 ,$24.23/1kg,Lamb & Veal,/p/20672318_KG
"Chicken Souvlaki, Value Pack",$13.49 ,$13.49 ,"480 g, $2.81/100g",Kebabs & Marinated Meat,/p/21041735_EA
"Pork Souvlaki, Value Pack",$12.99 ,$12.99 ,"640 g, $2.03/100g",Kebabs & Marinated Meat,/p/21098855_EA
World Of Flavours Canadian Maple Apple Butter Roast,$13.49 ,$13.49 ,"730 g, $1.85/100g",Kebabs & Marinated Meat,/p/21095546_EA
World Of Flavours Greek Seasoned Pork Loin Roast,$12.99 ,$12.99 ,"730 g, $1.78/100g",Kebabs & Marinated Meat,/p/21095540_EA
Worlds of Flavors Carnitas Pork Shoulder,$14.49 ,$14.49 ,"900 g, $1.61/100g",Kebabs & Marinated Meat,/p/21095511_EA
Barbecue Seasoned Pork Shoulder Blade (World Of Flavours ),$14.49 ,$14.49 ,"900 g, $1.61/100g",Kebabs & Marinated Meat,/p/21205736_EA
Southwestern Style Pork Loin Steaks,$6.00 ,$6.00 ,"380 g, $1.58/100g",Kebabs & Marinated Meat,/p/20784773_EA
Chicken Breast Medallions Bacon Wrapped 452 g,$14.99 ,$14.99 ,"452 g, $3.32/100g",Kebabs & Marinated Meat,/p/21378258_EA
Bacon Wrapped Beef,$13.49 ,$13.49 ,"340 g, $3.97/100g",Kebabs & Marinated Meat,/p/21025464_EA
World Of Flavours Greek Seasoned Pork Loin Chops,$9.49 ,$9.49 ,"440 g, $2.16/100g",Kebabs & Marinated Meat,/p/21096334_EA
Twister Chicken Breast Kabobs wrapped in Bacon N Honey BBQ,$7.99 ,$7.99 ,"280 g, $2.85/100g",Kebabs & Marinated Meat,/p/21290365_EA
"Lamb Skewers, Middle Eastern Style",$9.99 ,$9.99 ,"240 g, $4.16/100g",Kebabs & Marinated Meat,/p/21535676_EA
World Of Flavours Souvlaki Seasoned Pork Sirloin Kebabs,$9.49 ,$9.49 ,"320 g, $2.97/100g",Kebabs & Marinated Meat,/p/21460332_EA
Honey Barbeque Short Ribs,$14.99 ,$14.99 ,"500 g, $3.00/100g",Kebabs & Marinated Meat,/p/21290361_EA
"Bacon Twisters, Bacon Wrapped Chicken Skewers",$9.99 ,$9.99 ,"280 g, $3.57/100g",Kebabs & Marinated Meat,/p/21536880_EA
"Bacon Wrapped Beef Medallion, Value Pack",$28.99 ,$28.99 ,"678 g, $4.28/100g",Kebabs & Marinated Meat,/p/21290654_EA
"Beef Skewers, Korean Style BBQ",$9.99 ,$9.99 ,"200 g, $5.00/100g",Kebabs & Marinated Meat,/p/21535661_EA
World Of Flavours Korean-Style Seasoned Pork Sirloin Kebabs,$9.49 ,$9.49 ,"320 g, $2.97/100g",Kebabs & Marinated Meat,/p/21450592_EA
Beef Rib Eye Steak,$7.00 ,$7.00 ,"170 g, $4.12/100g",Kebabs & Marinated Meat,/p/20844458_EA
Beef Pot Roast,$12.00 ,$12.00 ,"700 g, $1.71/100g",Kebabs & Marinated Meat,/p/21057657_EA
Maple French Pork,$16.48 ,$16.48 ,$16.99/1kg,Kebabs & Marinated Meat,/p/21205835_KG
"Roasted Turkey Breast, Bacon Wrapped",$14.00 ,$14.00 ,"700 g, $2.00/100g",Kebabs & Marinated Meat,/p/21057130_EA
Bacon Wrapped Pork Loin Roast,$14.00 ,$14.00 ,"700 g, $2.00/100g",Kebabs & Marinated Meat,/p/21057072_EA
Korean Bbq Beef Steak Tips,$9.00 ,$9.00 ,"600 g, $1.50/100g",Kebabs & Marinated Meat,/p/21185002_EA
Pork Shoulder Picnic Roast Italian Porchetta,$24.99 ,$24.99 ,"1.5 kg, $1.67/100g",Kebabs & Marinated Meat,/p/21363941_EA
World of Flavours Pork Belly and Seasoned Boneless Pork Loin Roast Porchetta  ,$24.98 ,$24.98 ,"1.2 kg, $2.08/100g",Kebabs & Marinated Meat,/p/21310321_EA
Buffalo Chicken Kebabs,$6.68 ,$6.68 ,"250 g, $2.67/100g",Kebabs & Marinated Meat,/p/21173026_EA
Stuffed Pork Tenderloin,$13.59 ,$13.59 ,"600 g, $2.27/100g",Kebabs & Marinated Meat,/p/20987834_EA
"Eye Of Round Steak, Montreal Spice",$10.99 ,$10.99 ,"280 g, $3.93/100g",Kebabs & Marinated Meat,/p/20985743_EA
BBQ Beef Kebabs,$9.99 ,$9.99 ,"200 g, $5.00/100g",Kebabs & Marinated Meat,/p/21364181_EA
"Turkey Kabob, Salt Pepper,Value Pack",$12.00 ,$12.00 ,"480 g, $2.50/100g",Kebabs & Marinated Meat,/p/21101664_EA
World of Flavours French Style Braising Beef Short Ribs,$15.99 ,$15.99 ,"600 g, $2.67/100g",Kebabs & Marinated Meat,/p/21482319_EA
"New York Strip Loin, Montreal Spice",$17.00 ,$17.00 ,"450 g, $3.78/100g",Kebabs & Marinated Meat,/p/20987429_EA
Porchetta Roast,$12.00 ,$12.00 ,"1.2 kg, $1.00/100g",Kebabs & Marinated Meat,/p/20985907_EA
Ma Zestyitalian Chicken Tips,$9.00 ,$9.00 ,"600 g, $1.50/100g",Kebabs & Marinated Meat,/p/21185131_EA
"Chicken Gizzards, Tray Pack",$4.51 ,$4.51 ,$11.00/1kg,"Offals, Game Meat & Fowl",/p/20094975_KG
Kosher Chicken Bones,$3.15 ,$3.15 ,$6.59/1kg,"Offals, Game Meat & Fowl",/p/20064889_KG
Grade A Frozen Duck,$22.00 ,$22.00 ,$8.80/1kg,"Offals, Game Meat & Fowl",/p/20078881_KG
Frozen Utility Duck,$19.89 ,$19.89 ,$8.80/1kg,"Offals, Game Meat & Fowl",/p/20143586_KG
Smoked Duck Breast,$11.52 ,$11.52 ,$44.07/1kg,"Offals, Game Meat & Fowl",/p/20825243_KG
"Chicken Hearts, Tray Pack",$4.76 ,$4.76 ,$11.00/1kg,"Offals, Game Meat & Fowl",/p/20121730_KG
Boneless Duck Breast,$9.75 ,$9.75 ,$30.84/1kg,"Offals, Game Meat & Fowl",/p/20824406_KG
Rendered Duck Fat,$6.99 ,$6.99 ,"300 g, $2.33/100g","Offals, Game Meat & Fowl",/p/21210964_EA
"Frozen Cornish Hen, Grade A",$9.24 ,$9.24 ,$11.00/1kg,"Offals, Game Meat & Fowl",/p/20149139_KG
Goat Stew Bone In,$21.99 ,$21.99 ,"1 kg, $2.20/100g","Offals, Game Meat & Fowl",/p/20143053_EA
Duck Leg Confit,$15.99 ,$15.99 ,"280 g, $5.71/100g","Offals, Game Meat & Fowl",/p/20827041_EA
Duck  Legs,$5.11 ,$5.11 ,$18.72/1kg,"Offals, Game Meat & Fowl",/p/20825888_KG
Half Duck à L'Orange,$15.99 ,$15.99 ,"400 g, $4.00/100g","Offals, Game Meat & Fowl",/p/20827043_EA
Grade A Fresh Duck,$25.85 ,$25.85 ,$9.90/1kg,"Offals, Game Meat & Fowl",/p/20123520_KG
Chicken Feet,$6.91 ,$6.91 ,$6.59/1kg,"Offals, Game Meat & Fowl",/p/20182906_KG
Frozen Quail,$21.49 ,$21.49 ,"740 g, $2.90/100g","Offals, Game Meat & Fowl",/p/20870200_EA
Frozen Grade A Geese,$70.44 ,$70.44 ,$17.61/1kg,"Offals, Game Meat & Fowl",/p/20088885_KG
Duck in Orange Sauce,$23.98 ,$23.98 ,$11.00/1kg,"Offals, Game Meat & Fowl",/p/20117481_KG
Frozen Silkie Chicken,$18.53 ,$18.53 ,$18.72/1kg,"Offals, Game Meat & Fowl",/p/20055375_KG
Frozen Cut Up Rabbit,$30.17 ,$30.17 ,$22.02/1kg,"Offals, Game Meat & Fowl",/p/20650243_KG
Kosher Cornish Hens,$10.99 ,$10.99 ,"625 g, $1.76/100g","Offals, Game Meat & Fowl",/p/21035292_EA
"Chicken Backs & Necks, Tray Pack",$3.84 ,$3.84 ,$5.49/1kg,"Offals, Game Meat & Fowl",/p/20173677_KG
Pacific White Shrimp Raw 16-20/LB,$7.00 ,$7.00 ,"300 g, $2.33/100g",Shrimp,/p/21043887_EA
"Cooked Shrimp, 36/45",$5.99 ,$8.79 ,"300 g, $2.00/100g",Shrimp,/p/21043685_EA
"Raw Wild Shrimp, Easy Peel",$13.00 ,$13.00 ,"300 g, $4.33/100g",Shrimp,/p/20907159_EA
Pacific White Shrimp Cooked,$8.49 ,$8.49 ,"300 g, $2.83/100g",Shrimp,/p/21043889_EA
Pacific White Shrimp,$5.99 ,$7.99 ,"300 g, $2.00/100g",Shrimp,/p/21044927_EA
Zipperback Pacific White Shrimp Raw,$7.00 ,$10.99 ,"400 g, $1.75/100g",Shrimp,/p/20788888_EA
Wild Caught Argentinian Shrimp,$7.99 ,$7.99 ,"300 g, $2.66/100g",Shrimp,/p/21334387_EA
Raw Shrimp,$11.99 ,$11.99 ,"340 g, $3.53/100g",Shrimp,/p/21332386_EA
Pacific White Shrimp,$7.99 ,$7.99 ,"300 g, $2.66/100g",Shrimp,/p/21044529_EA
Salad Shrimp,$12.79 ,$12.79 ,"454 g, $2.82/100g",Shrimp,/p/20180352_EA
Pacific White Shrimp Cooked Peeled Responsibly Farmed Jumbo ,$16.99 ,$16.99 ,"400 g, $4.25/100g",Shrimp,/p/20896957_EA
Wild Atlantic Cold Water Shrimp Cooked Peeled ,$13.99 ,$13.99 ,"340 g, $4.11/100g",Shrimp,/p/20021832_EA
Pacific White Shrimp Cooked Peeled,$11.49 ,$11.49 ,"400 g, $2.87/100g",Shrimp,/p/20791381_EA
"Pacific White Shrimp Raw Peeled, Large",$10.99 ,$10.99 ,"400 g, $2.75/100g",Shrimp,/p/20789931_EA
Pacific White Shrimp Platter with Mild Cocktail Sauce,$20.00 ,$20.00 ,"568 g, $3.52/100g",Shrimp,/p/20147098_EA
Cooked Shrimp,$8.49 ,$8.49 ,"300 g, $2.83/100g",Shrimp,/p/21044919_EA
Pacific White Shrimp Raw,$7.99 ,$7.99 ,"300 g, $2.66/100g",Shrimp,/p/21043834_EA
Shrimp Ring,$7.99 ,$7.99 ,"227 g, $3.52/100g",Shrimp,/p/20080289_EA
Shrimp Ring,$12.99 ,$12.99 ,"454 g, $2.86/100g",Shrimp,/p/20979191_EA
Organics Peeled Raw Black Tiger Shrimp,$13.99 ,$13.99 ,"300 g, $4.66/100g",Shrimp,/p/21332404_EA
Black Tiger Shrimp Raw Gigantico,$15.99 ,$15.99 ,"400 g, $4.00/100g",Shrimp,/p/20801192_EA
Zipperback Colossal Raw Freshwater Shrimp,$19.99 ,$19.99 ,"454 g, $4.40/100g",Shrimp,/p/20184093_EA
Pacific White Shrimp Raw,$6.79 ,$6.79 ,"300 g, $2.26/100g",Shrimp,/p/21521215_EA
Crispy Shrimp Fine Hors D'Oeuvre Trio,$15.99 ,$15.99 ,"528 g, $3.03/100g",Shrimp,/p/21481245_EA
Organic Zipperback Shrimp,$12.49 ,$12.49 ,"300 g, $4.16/100g",Shrimp,/p/21332402_EA
Pacific White Shrimp Pieces,$13.99 ,$13.99 ,"680 g, $2.06/100g",Shrimp,/p/21043812_EA
"Pacific White Shrimp Cooked, Club Size",$14.99 ,$14.99 ,"680 g, $2.20/100g",Shrimp,/p/21043816_EA
Wild Argentinian Shrimp Platter with Creamy Citrus Herb Sauce,$20.00 ,$20.00 ,"400 g, $5.00/100g",Shrimp,/p/21516904_EA
Raw HOSO Thai White Shrimp,$7.00 ,$8.79 ,"340 g, $2.06/100g",Shrimp,/p/21171370_EA
Pacific White Shrimp Raw Zipperback Large ,$30.00 ,$30.00 ,"1.5 kg, $2.00/100g",Shrimp,/p/21035874_EA
Pacific White Shrimp,$13.99 ,$13.99 ,"680 g, $2.06/100g",Shrimp,/p/21043700_EA
Organics Zipperback Raw Black Tiger Shrimp,$15.99 ,$15.99 ,"300 g, $5.33/100g",Shrimp,/p/21486285_EA
"Shrimp, Cooked",$35.00 ,$35.00 ,"1.5 kg, $2.33/100g",Shrimp,/p/21034922_EA
Argentinian Shrimp,$8.99 ,$8.99 ,"300 g, $3.00/100g",Shrimp,/p/21286748_EA
Head On White Shrimp,$10.99 ,$12.99 ,"454 g, $2.42/100g",Shrimp,/p/20939062_EA
Cooked Shrimp Meat,$2.75 ,$2.75 ,$19.82/1kg,Shrimp,/p/20798088_KG
Organics Cooked Black Tiger Shrimp,$22.79 ,$22.79 ,"340 g, $6.70/100g",Shrimp,/p/21332389_EA
Lime and Chili Grilling Raw Shrimp Skewers,$13.29 ,$13.29 ,"360 g, $3.69/100g",Shrimp,/p/21283307_EA
"Cooked Shrimp Tail, 31-40 ct",$7.07 ,$7.07 ,$25.99/1kg,Shrimp,/p/20852495_KG
"Hoso Shrimp, Cooked",$9.99 ,$11.49 ,"400 g, $2.50/100g",Shrimp,/p/20917802_EA
Peeled Shrimp,$10.99 ,$12.49 ,"400 g, $2.75/100g",Shrimp,/p/20919098_EA
Select Seafood Salad Marinated   ,$7.99 ,$7.99 ,"212 g, $3.20/100ml",Shrimp,/p/21098179_EA
"Large Shrimp, Previously Frozen",$7.56 ,$7.56 ,$34.15/1kg,Shrimp,/p/20179553_KG
Select Shrimp Herb & Garlic Marinated ,$7.99 ,$7.99 ,"212 g, $3.20/100ml",Shrimp,/p/21098175_EA
Prev Frzn Cooked Shrimp,$8.29 ,$8.29 ,"227 g, $3.65/100g",Shrimp,/p/21176589_EA
"Shrimp, Raw",$5.92 ,$5.92 ,$20.48/1kg,Shrimp,/p/20166477_KG
"Fresh Water Shrimp, Previously Frozen",$11.83 ,$11.83 ,$48.48/1kg,Shrimp,/p/20765324_KG
Select Shrimp Spicy Jalapeño Marinated,$7.99 ,$7.99 ,"250 ml, $3.20/100ml",Shrimp,/p/21098170_EA
Club Size Fresh Salmon,$32.77 ,$32.77 ,$33.07/1kg,Salmon,/p/20852985_KG
Pink Salmon,$6.99 ,$10.99 ,"400 g, $1.75/100g",Salmon,/p/21093881_EA
Salmon,$11.99 ,$11.99 ,"700 g, $1.71/100g",Salmon,/p/21180833_EA
"Farmed Atlantic Salmon Fillet, Fresh",$10.68 ,$10.68 ,$35.25/1kg,Salmon,/p/20772308_KG
Fresh Pink Salmon Headless,$8.74 ,$8.74 ,$7.69/1kg,Salmon,/p/21331607_KG
"Whole Wild Pink Salmon, Frozen",$8.73 ,$8.73 ,$6.61/1kg,Salmon,/p/20033861_KG
Frozen Steelhead Trout Fillets,$11.85 ,$11.85 ,$22.99/1kg,Salmon,/p/20005835_KG
"Wild Sockeye Fillet, Previously Frozen",$13.44 ,$13.44 ,$27.90/1kg,Salmon,/p/20108562_KG
Wild Sockeye Salmon,$14.99 ,$14.99 ,"260 g, $5.77/100g",Salmon,/p/21531662_EA
Fresh Atlantic Salmon Portions,$4.99 ,$4.99 ,"113 g, $4.42/100g",Salmon,/p/21095443_EA
Atlantic Salmon Trimmings,$9.46 ,$9.46 ,$16.51/1kg,Salmon,/p/20148782_KG
"Wild Sockeye Salmon Sustainably Sourced, Skin-On Boneless Fillets",$19.99 ,$19.99 ,"280 g, $7.14/100g",Salmon,/p/20071035_EA
Catch of the Day Salmon Fillets,$16.79 ,$16.79 ,"680 g, $2.47/100g",Salmon,/p/20651933_EA
Trident Sockeye Salmon,$20.09 ,$20.09 ,$27.90/1kg,Salmon,/p/21004396_KG
"Coho Steaks, Previously Frozen",$394.23 ,$394.23 ,$999.99/1kg,Salmon,/p/20964475_KG
Pink Salmon Fillets,$18.99 ,$18.99 ,"1 kg, $1.90/100g",Salmon,/p/21314738_EA
"Pacific Wild Coho Salmon, Whole Dressed","$1,449.99 ","$1,449.99 ",$999.99/1kg,Salmon,/p/20684527_KG
Yuzu Citrus Grilling Raw Salmon Skewers ,$16.99 ,$16.99 ,"480 g, $3.54/100g",Salmon,/p/21364631_EA
"Coho Salmon, Whole Dressed",$21.64 ,$21.64 ,$17.61/1kg,Salmon,/p/20161824_KG
"Wild Whole Sockeye Salmon, Previously Frozen",$20.01 ,$20.01 ,$17.61/1kg,Salmon,/p/20056983_KG
"Wild Sockeye Salmon Steak, Previously Frozen",$7.53 ,$7.53 ,$19.82/1kg,Salmon,/p/20767865_KG
Fresh Wild Chum Salmon Fillets,$8.09 ,$8.09 ,$19.82/1kg,Salmon,/p/20158540_KG
Organic Salmon Tray Pack ,$12.56 ,$12.56 ,$41.86/1kg,Salmon,/p/20967247_KG
Whole Fresh Pink Salmon,$7.92 ,$7.92 ,$9.90/1kg,Salmon,/p/20959300_KG
"Farmed Atlantic Salmon Steak, Fresh",$11.53 ,$11.53 ,$35.25/1kg,Salmon,/p/20025231_KG
Smoked Pink Salmon,$15.49 ,$15.49 ,"454 g, $3.41/100g",Salmon,/p/20098508_EA
Organic Atlantic Salmon Fillets,$17.29 ,$17.29 ,"280 g, $6.18/100g",Salmon,/p/21401219_EA
Dressed Rainbow Trout,$11.96 ,$11.96 ,$22.02/1kg,Salmon,/p/20923596_KG
Fresh Farmed Steelhead Fillet,$15.55 ,$15.55 ,$3.75/100g,Salmon,/p/20670391_KG
"Whole Pink Salmon, Previously Frozen",$809.99 ,$809.99 ,$999.99/1kg,Salmon,/p/21347725_KG
"Lemon Herb Salmon Fillet, Fresh",$11.41 ,$11.41 ,$30.84/1kg,Salmon,/p/20074222_KG
Wild Sockeye Salmon,$14.79 ,$14.79 ,"454 g, $3.26/100g",Salmon,/p/21216936_EA
Atlantic Salmon Fillets,$14.00 ,$14.00 ,$39.44/1kg,Salmon,/p/21003764_KG
"Farmed Atlantic Salmon Steak, Fresh Club Pack",$38.67 ,$38.67 ,$33.05/1kg,Salmon,/p/20129363_KG
Fresh Whole Atlantic Salmon,$13.46 ,$13.46 ,$9.90/1kg,Salmon,/p/20083992_KG
Salmon Basil Pesto Crusted,$12.49 ,$12.49 ,"320 g, $3.90/100g",Salmon,/p/21314306_EA
Sockeye Salmon Collar Belly,$5.98 ,$5.98 ,$8.80/1kg,Salmon,/p/21186365_KG
Atlantic Salmon Steaks,$9.93 ,$9.93 ,$24.23/1kg,Salmon,/p/21067234_KG
Rainbow Trout Boneless,$15.99 ,$15.99 ,"680 g, $2.35/100g",Salmon,/p/21124666_EA
"Fresh Steelhead Trout Fillet, Club Pack",$29.26 ,$29.26 ,$3.53/100g,Salmon,/p/20939746_KG
Atlantic Salmon Easy Cook! In Sauce Lemon & Thyme Butter ,$11.29 ,$11.29 ,"290 g, $3.89/100g",Salmon,/p/21314302_EA
Frozen Whole Sockeye Headless & Gutted,$15.18 ,$15.18 ,$15.41/1kg,Salmon,/p/21514227_KG
Sockeye Salmon Fillet Previously Frozen,$7.50 ,$7.50 ,$28.64/1kg,Salmon,/p/21065188_KG
"Fresh Steelhead Trout, Whole Dressed",$11.84 ,$11.84 ,$12.10/1kg,Salmon,/p/20669734_KG
Fresh Wild Sockeye Salmon Steak,$7.53 ,$7.53 ,$19.82/1kg,Salmon,/p/21061077_KG
"Salmon Heads, Fresh",$6.41 ,$6.41 ,$9.90/1kg,Salmon,/p/20087838_KG
"Coho Salmon Fillets, Previously Frozen",$17.20 ,$17.20 ,$33.07/1kg,Salmon,/p/20670398_KG
Fresh Steelhead Portions,$4.99 ,$4.99 ,"113 g, $4.42/100g",Salmon,/p/21216938_EA
Fresh Wild Sockeye Salmon Steak,$7.53 ,$7.53 ,$19.82/1kg,Salmon,/p/21061077_KG
King Crab Flavoured Wild Alaska Pollock & Wild Pacific Whiting,$3.00 ,$4.49 ,"227 g, $1.32/100g",Fish,/p/20699832_EA
Wild Haddock Fillets Skinless Boneless ,$6.99 ,$8.99 ,"400 g, $1.75/100g",Fish,/p/20153570_EA
Leg-style King Crab Flavoured Wild Alaska Pollock & Wild Pacific Whiting,$3.00 ,$4.49 ,"227 g, $1.32/100g",Fish,/p/20749798_EA
"Golden Pompano Fish, Frozen",$6.67 ,$6.67 ,$8.80/1kg,Fish,/p/20066381_KG
$10 Basa Fillets,$10.00 ,$10.00 ,"908 g, $1.10/100g",Fish,/p/21473748_EA
Cod Fillets Wild Pacific,$6.99 ,$8.49 ,"400 g, $1.75/100g",Fish,/p/20036614_EA
"Sole Fillets, Skinless Boneless",$6.99 ,$7.99 ,"400 g, $1.75/100g",Fish,/p/20048346_EA
Basa Fillets,$3.99 ,$3.99 ,"400 g, $1.00/100g",Fish,/p/21432307_EA
"Tilapia, Frozen",$6.68 ,$6.68 ,$6.61/1kg,Fish,/p/20189341_KG
Lobster Flavoured Wild Alaska Pollock Chunks,$4.49 ,$4.49 ,"227 g, $1.98/100g",Fish,/p/20749901_EA
Basa Steaks,$7.88 ,$7.88 ,"1 kg, $0.79/100g",Fish,/p/20910469_EA
Tilapia Fillets,$6.99 ,$7.99 ,"400 g, $1.75/100g",Fish,/p/20111565_EA
Crab Flakes,$6.49 ,$6.49 ,"454 g, $1.43/100g",Fish,/p/20591152_EA
Tilapia,$8.99 ,$9.99 ,"1.36 kg, $0.66/100g",Fish,/p/21432305_EA
Basa Fillets,$6.99 ,$7.99 ,"400 g, $1.75/100g",Fish,/p/20550877_EA
Crab Leg Style,$6.49 ,$6.49 ,"454 g, $1.43/100g",Fish,/p/20591951_EA
"Tuna Steak, Frozen Yellow Fin",$3.29 ,$3.29 ,"92 g, $3.58/100g",Fish,/p/21181949_EA
Anchovy Paste,$3.79 ,$3.79 ,"60 g, $6.32/100g",Fish,/p/20862396_EA
Wild Haddock Fillets Club Size ,$18.99 ,$18.99 ,"1 kg, $1.90/100g",Fish,/p/21315001_EA
Chub Mackerel,$7.88 ,$7.88 ,"1 kg, $0.79/100g",Fish,/p/21079543_EA
Tilapia Fillets Club Size ,$10.99 ,$10.99 ,"1 kg, $1.10/100g",Fish,/p/21314216_EA
"Basa fillets, skinless & boneless",$14.99 ,$14.99 ,"1 kg, $1.50/100g",Fish,/p/21331637_EA
Wild Sole Fillets,$10.00 ,$10.00 ,"907 g, $1.10/100g",Fish,/p/21119511_EA
"Milkfish, Frozen",$8.80 ,$8.80 ,$8.80/1kg,Fish,/p/20119071_KG
Wild Sole Fillets Club Size,$14.99 ,$14.99 ,"1 kg, $1.50/100g",Fish,/p/21315025_EA
Tilapia Fillets,$9.93 ,$9.93 ,$24.23/1kg,Fish,/p/20033340_KG
Flat Fillets of Anchovies,$3.79 ,$3.79 ,"50 g, $7.58/100g",Fish,/p/20914486_EA
"Wild Yellowfin Tuna Skinless Boneless Steaks, Sustainably Sourced 280g",$10.99 ,$10.99 ,"280 g, $3.93/100g",Fish,/p/21211819_EA
"Whole Pompano Frozen Fish, 700 G",$8.99 ,$8.99 ,"700 g, $1.28/100g",Fish,/p/21546528_EA
"Boned Cod Fillets, Salted",$13.99 ,$13.99 ,"454 g, $3.08/100g",Fish,/p/20866456_EA
Salmon & Haddock Fish Cake,$9.49 ,$9.49 ,"290 g, $3.27/100g",Fish,/p/21001233_EA
Wild Pollock Fillets,$5.99 ,$5.99 ,"400 g, $1.50/100g",Fish,/p/21167006_EA
Tuna Steak Previously Frozen ,$9.56 ,$9.56 ,$34.15/1kg,Fish,/p/21205360_KG
Frozen Silverside Smelts,$5.99 ,$5.99 ,"454 g, $1.32/100g",Fish,/p/21289750_EA
Mahi Mahi Wild,$14.99 ,$14.99 ,"310 g, $4.84/100g",Fish,/p/21531660_EA
Catch of the Day Haddock Fillets 5,$17.79 ,$17.79 ,"580 g, $3.07/100g",Fish,/p/21124787_EA
Catch of the Day Sole Fillets,$14.79 ,$14.79 ,"800 g, $1.85/100g",Fish,/p/21124791_EA
Fresh Whole Red Tilapia,$12.42 ,$12.42 ,$17.61/1kg,Fish,/p/21310646_KG
"Organic Sea Bass Fillet, Skin On",$21.07 ,$21.07 ,$55.09/1kg,Fish,/p/20967620_KG
Whole Milkfish,$10.19 ,$10.19 ,$15.41/1kg,Fish,/p/21109987_KG
"Cod Fillet, Previously Frozen",$25.66 ,$25.66 ,$26.43/1kg,Fish,/p/21311791_KG
Fried Fish Balls,$4.99 ,$4.99 ,"240 g, $2.08/100g",Fish,/p/20843873_EA
"Basa Fillets, Previously Frozen",$5.26 ,$5.26 ,$18.71/1kg,Fish,/p/20723939_KG
Frozen Pacific Halibut Ptns,$8.18 ,$8.18 ,$28.20/1kg,Fish,/p/21216950_KG
Live Barramundi,$31.09 ,$31.09 ,$37.46/1kg,Fish,/p/20828909_KG
Lobster Delectables - Flake,$3.99 ,$3.99 ,"227 g, $1.76/100g",Fish,/p/21303395_EA
"Basa Fillets, Frozen",$12.83 ,$12.83 ,$7.47/1kg,Fish,/p/20616024_KG
Mediterranean Sea Bass Raw,$13.99 ,$14.99 ,"640 g, $2.19/100g",Fish,/p/21333472_EA
"Basa Fillets, Previously Frozen",$5.26 ,$5.26 ,$18.71/1kg,Fish,/p/20723939_KG
Mediterranean Sea Bass Raw,$13.99 ,$14.99 ,"640 g, $2.19/100g",Fish,/p/21333472_EA
Free Range Silver Smelts,$7.27 ,$7.27 ,$13.21/1kg,Fish,/p/20144419_KG
Live Shrimp,$25.56 ,$25.56 ,$44.07/1kg,Fish,/p/20125192_KG
Basa Loins ,$16.99 ,$16.99 ,"1.36 kg, $1.25/100g",Fish,/p/21238140_EA
Whole Atlantic Turbot,$16.44 ,$16.44 ,$20.92/1kg,Fish,/p/21010871_KG
Catch of the Day Tilapia Fillets,$15.99 ,$15.99 ,"750 g, $2.13/100g",Fish,/p/20706456_EA
"Tilapia Fillets, Club Pack",$20.87 ,$20.87 ,$22.02/1kg,Fish,/p/20629152_KG
Fish Balls,$4.99 ,$4.99 ,"260 g, $1.92/100g",Fish,/p/20843876_EA
Easy Cook! Cod in Miso-Yuzu Butter Sauce,$14.79 ,$14.79 ,"290 g, $5.10/100g",Fish,/p/21314539_EA
Boneless Sole Fillets,$7.03 ,$7.03 ,$24.23/1kg,Fish,/p/20148212_KG
"Boneless Rockfish Fillets, Club Pack",$18.17 ,$18.17 ,$17.61/1kg,Fish,/p/20723545_KG
Ahi Tuna Fillets,$12.65 ,$12.65 ,$48.48/1kg,Fish,/p/20089566_KG
Tilapia Uncooked,$7.99 ,$7.99 ,"280 g, $2.85/100g",Fish,/p/21521232_EA
Wild Swordfish,$14.99 ,$14.99 ,"310 g, $4.84/100g",Fish,/p/21531663_EA
Rockfish Fillet Tray Pack ,$6.42 ,$6.42 ,$19.82/1kg,Fish,/p/20046308_KG
"Sole Fillets, Boneless Fresh Club Pack",$20.83 ,$20.83 ,$22.02/1kg,Fish,/p/20723302_KG
Lake Trout Whole Frozen,$12.94 ,$12.94 ,$9.90/1kg,Fish,/p/21341283_KG
Fresh Whole Tilapia,$11.98 ,$11.98 ,$18.72/1kg,Fish,/p/20333123_KG
Frozen Wild Rockfish Fillets,$8.31 ,$8.31 ,$9.90/1kg,Fish,/p/21530568_KG
Mackerel Butterfly,$7.53 ,$7.53 ,$19.82/1kg,Fish,/p/21165219_KG
Crab Delectables Flake Style,$3.99 ,$3.99 ,"227 g, $1.76/100g",Fish,/p/21303393_EA
Crusted Atlantic Cod Easy Cook! Pico De Gallo ,$11.29 ,$11.29 ,"320 g, $3.53/100g",Fish,/p/21314473_EA
Sustainably Sourced Wild Atlantic Cod Skinless Boneless Fillets,$33.29 ,$33.29 ,"1.36 kg, $2.45/100g",Fish,/p/21035931_EA
"Cod Fillets, Skin Off Bone Out",$5.86 ,$5.86 ,$24.23/1kg,Fish,/p/20707776_KG
Sea Delight Previously Frozen Tuna Steaks,$9.40 ,$9.40 ,$34.81/1kg,Fish,/p/21126525_KG
"Cod Fillet, Previously Frozen",$8.59 ,$8.59 ,$28.64/1kg,Fish,/p/21311793_KG
"Whitefish, Frozen",$9.70 ,$9.70 ,$9.90/1kg,Fish,/p/20108027_KG
Kingfish Steak,$12.99 ,$16.99 ,"680 g, $1.91/100g",Fish,/p/20610410_EA
Alaskan Pollock Fillets,$14.49 ,$14.49 ,"1.32 kg, $1.10/100g",Fish,/p/21124877_EA
"Sea Delight Swordfish Steaks, Previously Frozen",$9.74 ,$9.74 ,$37.45/1kg,Fish,/p/21126752_KG
Smoked Wild Sockeye Salmon,$12.99 ,$12.99 ,"150 g, $8.66/100g",Smoked Fish,/p/20055009_EA
Scottish Atlantic Salmon Double Smoked ,$11.99 ,$11.99 ,"150 g, $7.99/100g",Smoked Fish,/p/21047088_EA
Oak Smoked Scottish Atlantic Salmon,$11.99 ,$11.99 ,"150 g, $7.99/100g",Smoked Fish,/p/21404587_EA
"Candied Salmon, Maple Flavour",$10.99 ,$10.99 ,"150 g, $7.33/100g",Smoked Fish,/p/20976930_EA
Smoked Atlantic Salmon,$11.99 ,$11.99 ,"150 g, $7.99/100g",Smoked Fish,/p/20108286_EA
Atlantic Salmon Strips Hot Smoked Spicy & Candied ,$10.99 ,$10.99 ,"150 g, $7.33/100g",Smoked Fish,/p/20977683_EA
Everything Seasoned Smoked Steelhead Salmon,$11.99 ,$11.99 ,"150 g, $7.99/100g",Smoked Fish,/p/21491978_EA
Organic Smoked Atlantic Salmon,$11.99 ,$11.99 ,"100 g, $11.99/100g",Smoked Fish,/p/21403379_EA
Smoked Wild Sliced Sockeye Salmon,$17.99 ,$17.99 ,"300 g, $6.00/100g",Smoked Fish,/p/21307723_EA
Smoked Salmon Toast Trio,$18.49 ,$18.49 ,"248 g, $7.46/100g",Smoked Fish,/p/21358853_EA
Smoked Trout Fillets,$7.71 ,$7.71 ,$30.84/1kg,Smoked Fish,/p/20118034_KG
Smoked Steelhead Salmon ,$19.99 ,$19.99 ,"300 g, $6.66/100g",Smoked Fish,/p/21411308_EA
Wild Smoked Sockeye Salmon Boneless,$10.99 ,$10.99 ,"227 g, $4.84/100g",Smoked Fish,/p/21493987_EA
Wild Smoked Pink Salmon Boneless,$12.99 ,$12.99 ,"454 g, $2.86/100g",Smoked Fish,/p/21493984_EA
Bay Of Fundy Smoked Atlantic Salmon,$3.99 ,$3.99 ,"75 g, $5.32/100g",Smoked Fish,/p/21051392_EA
Cold Smoked Steelhead Salmon,$11.34 ,$11.34 ,$57.30/1kg,Smoked Fish,/p/21029205_KG
Breaded Butterflied Shrimp ,$12.99 ,$12.99 ,"400 g, $3.25/100g",Seafood Appetizers,/p/20080117_EA
Tempura Torpedo Shrimp With Sweet Soy Dipping Sauce,$12.99 ,$12.99 ,"340 g, $3.82/100g",Seafood Appetizers,/p/20978921_EA
Breaded Coconut Shrimp With Sweet Chili Dipping Sauce,$12.99 ,$12.99 ,"454 g, $2.86/100g",Seafood Appetizers,/p/20135874_EA
Seafood Mix,$4.88 ,$6.49 ,"340 g, $1.44/100g",Seafood Appetizers,/p/21433078_EA
Breaded Squid Rings,$10.00 ,$10.00 ,"908 g, $1.10/100g",Seafood Appetizers,/p/21473698_EA
Crispy Calamari,$5.99 ,$5.99 ,"300 g, $2.00/100g",Seafood Appetizers,/p/21454797_EA
Wild Sockeye Salmon Burger,$13.99 ,$13.99 ,"568 g, $2.46/100g",Seafood Appetizers,/p/20650417_EA
Wild Atlantic Cod Fillets ,$9.99 ,$9.99 ,"280 g, $3.57/100g",Seafood Appetizers,/p/21202111_EA
Raw Butterflied Shrimp Garlic & Herb Grilling 12 Pieces Minimum,$12.99 ,$12.99 ,"340 g, $3.82/100g",Seafood Appetizers,/p/21102693_EA
Bacon-Wrapped Wild Sea Scallops,$15.99 ,$15.99 ,"260 g, $6.15/100g",Seafood Appetizers,/p/21220644_EA
Skinless Boneless Wild Pacific Cod Fillets Club Size,$17.99 ,$17.99 ,"1 kg, $1.80/100g",Seafood Appetizers,/p/21379672_EA
Gluten Free Breaded Shrimp,$11.99 ,$11.99 ,"340 g, $3.53/100g",Seafood Appetizers,/p/21364651_EA
Atlantic Salmon Burger,$13.99 ,$13.99 ,"568 g, $2.46/100g",Seafood Appetizers,/p/21285255_EA
Sea Salt and Malt Vinegar Haddock Bites,$11.99 ,$11.99 ,"454 g, $2.64/100g",Seafood Appetizers,/p/21481247_EA
Uncooked Breaded Fish Cakes,$10.00 ,$10.00 ,"1 kg, $1.00/100g",Seafood Appetizers,/p/21415034_EA
Cajun Crab Flavoured Dip,$5.49 ,$5.49 ,"198 g, $2.77/100g",Seafood Appetizers,/p/21480493_EA
Wild-Caught Sockeye Salmon Burgers,$13.99 ,$13.99 ,"568 g, $2.46/100g",Seafood Appetizers,/p/21455205_EA
Smoky Bacon Crab Flavoured Dip,$5.49 ,$5.49 ,"198 g, $2.77/100g",Seafood Appetizers,/p/21479266_EA
Smoked Salmon Flavoured Dip,$5.49 ,$5.49 ,"198 g, $2.77/100g",Seafood Appetizers,/p/21480487_EA
"BBQ Pepper Salmon Tips, Previously Frozen",$7.36 ,$7.36 ,$31.95/1kg,Seafood Appetizers,/p/20078032_KG
"BBQ Salmon Tips, Frozen",$7.11 ,$7.11 ,$31.95/1kg,Seafood Appetizers,/p/20073772_KG
Pan Ready Steelhead Whole,$9.96 ,$9.96 ,$14.31/1kg,Seafood Appetizers,/p/21194889_KG
Ocean Perch,$12.29 ,$12.29 ,$8.80/1kg,Seafood Appetizers,/p/20128091_KG
"European Sea Bream, Whole",$13.43 ,$13.43 ,$26.43/1kg,Seafood Appetizers,/p/20053863_KG
Breaded Alaskan Cod,$10.99 ,$10.99 ,"500 g, $2.20/100g",Seafood Appetizers,/p/21285664_EA
Salmon Burger,$13.99 ,$13.99 ,"568 g, $2.46/100g",Seafood Appetizers,/p/21378345_EA
Calamari Crispy Hand-Cut Strips Salt & Pepper ,$9.99 ,$9.99 ,"500 g, $2.00/100g",Seafood Appetizers,/p/21216947_EA
Breaded Haddock Fillets    ,$13.29 ,$13.29 ,"500 g, $2.66/100g",Seafood Appetizers,/p/21285645_EA
"Frozen Bay Scallops, Small",$7.00 ,$7.00 ,"454 g, $1.54/100g",Shellfish,/p/20151325_EA
Green-Lipped Mussels in the Half Shell New Zealand ,$7.99 ,$7.99 ,"454 g, $1.76/100g",Shellfish,/p/20500045_EA
"Wild Nova Scotian Sea Scallops, Frozen",$18.99 ,$24.99 ,"400 g, $4.75/100g",Shellfish,/p/20038148_EA
Mussel Meat,$4.88 ,$6.79 ,"340 g, $1.44/100g",Shellfish,/p/20792247_EA
Mussels,$13.99 ,$13.99 ,"907 g, $1.54/100g",Shellfish,/p/20992437_EA
Cooked Clam Meat,$4.88 ,$6.49 ,"340 g, $1.63/100g",Shellfish,/p/20791670_EA
Lobster Tail 2-3 Oz Frozen (1 Ea),$4.99 ,$4.99 ,"57 g, $4.99/1ea",Shellfish,/p/21194848_EA
Herring Fillets in Wine Marinade,$9.49 ,$9.49 ,"600 g, $1.58/100g",Shellfish,/p/20764949_EA
Butter & Lemon Grilling Lobster Tail Skewers,$19.99 ,$19.99 ,"200 g, $10.00/100g",Shellfish,/p/21370744_EA
Hokkaido Scallops,$21.99 ,$21.99 ,"300 g, $7.33/100g",Shellfish,/p/21516934_EA
Snow Crab Legs & Claw,$19.99 ,$19.99 ,"500 g, $4.00/100g",Shellfish,/p/21335557_EA
Lunch Herring,$5.99 ,$5.99 ,"320 g, $1.87/100g",Shellfish,/p/20765408_EA
Minced Lobster Meat,$10.99 ,$10.99 ,"320 g, $3.43/100g",Shellfish,/p/20959921_EA
King Crab Legs,$44.99 ,$44.99 ,"500 g, $9.00/100g",Shellfish,/p/21012170_EA
"Lobster Tail 2-3OZ, Previously Frozen",$4.99 ,$4.99 ,"1 ea, $4.99/1ea",Shellfish,/p/20962182_EA
Live Lobsters 1-1.25 Lbs,$30.54 ,$30.54 ,$39.66/1kg,Shellfish,/p/20035376_KG
"Lobster Tail, Frozen",$10.99 ,$10.99 ,"125 g, $9.73/100g",Shellfish,/p/20660118_EA
Blue Crab,$10.88 ,$10.88 ,"680 g, $1.60/100g",Shellfish,/p/20504645_EA
"Large Atlantic Scallops, Previously Frozen",$14.28 ,$14.28 ,$52.89/1kg,Shellfish,/p/20129978_KG
"Lobster Tail, 4-5 Oz",$11.79 ,$11.79 ,"1 ea, $11.79/1ea",Shellfish,/p/20755807_EA
Wild Crab Blue Swimming Crab Meat,$16.99 ,$16.99 ,"227 g, $7.48/100g",Shellfish,/p/21447359_EA
Live Manila Clams,$8.99 ,$8.99 ,$15.41/1kg,Shellfish,/p/20122306_KG
"Sea Scallops, U12, Frozen",$3.08 ,$3.08 ,$11.00/1kg,Shellfish,/p/21286877_KG
Frozen Snow Crab Clusters 5-8 per lb,$18.20 ,$18.20 ,$37.45/1kg,Shellfish,/p/21518355_KG
Herring Rollmops,$7.49 ,$7.49 ,"320 g, $2.34/100g",Shellfish,/p/20764945_EA
"Sea Scallops 25-35, Frozen",$16.77 ,$16.77 ,$59.90/1kg,Shellfish,/p/21438202_KG
Previously Frozen Snow Crab Clusters,$19.85 ,$19.85 ,$37.45/1kg,Shellfish,/p/21159647_KG
"Live Lobster, 1.5-2lbs",$33.49 ,$33.49 ,$41.86/1kg,Shellfish,/p/20157310_KG
Live Atlantic Mussels,$10.23 ,$10.23 ,$17.61/1kg,Shellfish,/p/20015633_KG
Previously Frozen Sea Scallops,$4.99 ,$4.99 ,"227 g, $2.20/100g",Shellfish,/p/21285830_EA
Whole Cooked Lobster,$14.99 ,$14.99 ,"370 g, $4.05/100g",Shellfish,/p/20781880_EA
Shucked Oysters,$19.99 ,$19.99 ,"454 g, $4.40/100g",Shellfish,/p/20786508_EA
"Raspberry Point Oysters, 50 Piece",$2.09 ,$2.09 ,"1 ea, $2.09/1ea",Shellfish,/p/21014644_EA
Original Smoked New Zealand Mussels,$3.99 ,$3.99 ,"180 g, $2.22/100g",Shellfish,/p/21100302_EA
Dulse Seaweed,$6.99 ,$6.99 ,"40 g, $17.48/100g",Shellfish,/p/20869503_EA
"Tilapia Fillets, Lemon Herbs",$6.30 ,$6.30 ,$17.62/1kg,Shellfish,/p/21030773_KG
Reserve Wild Crab Claw Fresh Picked,$13.99 ,$13.99 ,"227 g, $6.16/100g",Shellfish,/p/21068328_EA
Market Fresh Cooked Lobster,$19.69 ,$19.69 ,$37.45/1kg,Shellfish,/p/20764283_KG
Shucked Oysters,$32.99 ,$32.99 ,"907 g, $3.64/100g",Shellfish,/p/21067867_EA
Live Whole Crab Small,$32.98 ,$32.98 ,$29.74/1kg,Shellfish,/p/21346561_KG
Previously Frozen Bay Scallops,$5.99 ,$5.99 ,"227 g, $2.64/100g",Shellfish,/p/21176582_EA
"Live Oysters, Small",$1.89 ,$1.89 ,"1 ea, $1.89/1ea",Shellfish,/p/21067862_EA
Live Whole Crab Large,$42.67 ,$42.67 ,$31.94/1kg,Shellfish,/p/21346593_KG
Scallops,$33.73 ,$33.73 ,$46.27/1kg,Shellfish,/p/21446573_KG
Colossal King Crab Legs,$39.94 ,$39.94 ,$85.52/1kg,Shellfish,/p/20636972_KG
Frozen Bay Scallops 80-120 per lb,$9.49 ,$9.49 ,"400 g, $2.37/100g",Shellfish,/p/21517137_EA
Live Malpeque Oysters,$2.19 ,$2.19 ,"1 ea, $2.19/1ea",Shellfish,/p/21067863_EA
Live Large Oysters,$2.29 ,$2.29 ,"1 ea, $2.29/1ea",Shellfish,/p/21067865_EA
Live Gold Mantle Oysters,$1.49 ,$1.49 ,"1 ea, $1.49/1ea",Shellfish,/p/21067861_EA
California Squid,$10.88 ,$13.99 ,"1 kg, $1.09/100g",Squid & Octopus,/p/20121461_EA
Frozen Squid Tubes,$10.79 ,$10.79 ,"680 g, $1.59/100g",Squid & Octopus,/p/20809866_EA
"Calamari Rings, Uncooked",$9.99 ,$9.99 ,"340 g, $2.94/100g",Squid & Octopus,/p/20027170_EA
Squid Tentacles,$7.99 ,$9.99 ,"400 g, $2.00/100g",Squid & Octopus,/p/20527059_EA
Cooked Octopus Tentacles ,$20.99 ,$20.99 ,"250 g, $8.40/100g",Squid & Octopus,/p/21154610_EA
"Squid, Frozen",$5.96 ,$5.96 ,$13.87/1kg,Squid & Octopus,/p/20024436_KG
Regular Ripple Cut Potato Chips,$1.49 ,$1.49 ,"200 g, $0.75/100g",Chips & Snacks,/p/21302821_EA
Classic potato chips,$3.99 ,$3.99 ,"235 g, $1.70/100g",Chips & Snacks,/p/21241032_EA
Lightly Salted Rippled Potato Chips,$1.49 ,$1.49 ,"200 g, $0.75/100g",Chips & Snacks,/p/21302935_EA
Nacho Cheese flavoured tortilla chips,$4.29 ,$4.29 ,"235 g, $1.83/100g",Chips & Snacks,/p/21369118_EA
Boost High Protein Chocolate Meal Replacement Drink,$12.99 ,$12.99 ,"6x237.0 ml, $0.91/100ml",Chips & Snacks,p/20986348_C06
Salt & Vinegar Potato Chips,$1.49 ,$1.49 ,"200 g, $0.75/100g",Chips & Snacks,/p/21302946_EA
Barbecue Potato Chips,$1.49 ,$1.49 ,"200 g, $0.75/100g",Chips & Snacks,/p/21302937_EA
All Dressed Potato Chips,$1.49 ,$1.49 ,"200 g, $0.75/100g",Chips & Snacks,/p/21302802_EA
Sour Cream & Onion Potato Chips ,$1.49 ,$1.49 ,"200 g, $0.75/100g",Chips & Snacks,/p/21302793_EA
Boost Original Strawberry Meal Replacement Drink,$12.99 ,$12.99 ,"6x237.0 ml, $0.91/100ml",Chips & Snacks,0304429005_C06
Rounds Tortilla Chips,$4.49 ,$4.49 ,"295 g, $1.52/100g",Chips & Snacks,/p/21050581_EA
Regular Potato Chips ,$1.49 ,$1.49 ,"200 g, $0.75/100g",Chips & Snacks,/p/21302823_EA
Ketchup flavoured potato chips,$3.99 ,$3.99 ,"235 g, $1.70/100g",Chips & Snacks,/p/21241033_EA
Ketchup Potato Chips,$1.49 ,$1.49 ,"200 g, $0.75/100g",Chips & Snacks,/p/21302932_EA
Boost Diabetic Chocolate Nutritional Supplement Drink,$12.99 ,$12.99 ,"6x237.0 ml, $0.91/100ml",Chips & Snacks,p/20990880_C06
Dill Pickle Potato Chips,$1.49 ,$1.49 ,"200 g, $0.75/100g",Chips & Snacks,/p/21302943_EA
Salt & Vinegar flavoured potato chips,$3.99 ,$3.99 ,"235 g, $1.70/100g",Chips & Snacks,/p/21241035_EA
Bar-B-Q flavoured potato chips,$3.99 ,$3.99 ,"235 g, $1.70/100g",Chips & Snacks,/p/21241006_EA
Sour Cream & Onion flavoured potato chips,$3.99 ,$3.99 ,"235 g, $1.70/100g",Chips & Snacks,/p/21241009_EA
Simply+ Nutritional Supplement Vanilla,$12.99 ,$12.99 ,"325 ml, $4.00/100ml",Chips & Snacks,p/21499827_C04
Restaurant Style tortilla chips 275g,$4.49 ,$4.49 ,"275 g, $1.63/100g",Chips & Snacks,/p/21050575_EA
Wavy Original potato chips,$3.99 ,$3.99 ,"235 g, $1.70/100g",Chips & Snacks,/p/21240990_EA
Cheddar Bacon Potato Chips,$1.49 ,$1.49 ,"200 g, $0.75/100g",Chips & Snacks,/p/21315093_EA
Crispy Minis Cheddar flavour brown rice chips,$2.79 ,$2.79 ,"100 g, $2.79/100g",Chips & Snacks,20303002001_EA
Sea Salt & Malt Vinegar flavour kettle cooked potato chips 200g,$4.99 ,$4.99 ,"200 g, $2.50/100g",Chips & Snacks,/p/21240628_EA
Puffs Cheese Flavoured Snacks,$3.99 ,$3.99 ,"260 g, $1.53/100g",Chips & Snacks,/p/21370169_EA
Cool Ranch Flavoured Tortilla Chips,$4.29 ,$4.29 ,"235 g, $1.83/100g",Chips & Snacks,/p/21369106_EA
Crispy Minis Crunchy Dill flavour brown rice chips,$2.79 ,$2.79 ,"100 g, $2.79/100g",Chips & Snacks,20303002005_EA
All Dressed Flavoured Potato Chips,$4.49 ,$4.49 ,"200 g, $2.25/100g",Chips & Snacks,/p/21241052_EA
Dunkaroos Vanilla,$3.79 ,$3.79 ,"168 g, $2.26/100g",Chips & Snacks,/p/21449886_EA
Sweet Chili Heat! flavoured tortilla chips,$4.29 ,$4.29 ,"235 g, $1.83/100g",Chips & Snacks,/p/21369112_EA
Hint of Lime flavour tortilla chips 275g,$4.49 ,$4.49 ,"275 g, $1.63/100g",Chips & Snacks,/p/21050574_EA
Crispy Minis Original Large Brown Rice Cakes,$2.79 ,$2.79 ,"127 g, $2.20/100g",Chips & Snacks,20163708002_EA
Sour Cream 'n Onion Flavoured Potato Chips,$4.49 ,$4.49 ,"200 g, $2.25/100g",Chips & Snacks,/p/21241146_EA
Scoops! tortilla chips 215g,$4.49 ,$4.49 ,"215 g, $2.09/100g",Chips & Snacks,/p/21050572_EA
Regular Potato Chips,$4.49 ,$4.49 ,"200 g, $2.25/100g",Chips & Snacks,/p/21241053_EA
Original Kettle Cooked Chips,$2.79 ,$2.79 ,"200 g, $1.40/100g",Chips & Snacks,/p/21422931_EA
Crunchy Cheese Flavoured Snacks,$3.99 ,$3.99 ,"285 g, $1.40/100g",Chips & Snacks,/p/21370195_EA
White Cheddar flavour seasoned popcorn 200g,$4.29 ,$4.29 ,"200 g, $2.15/100g",Chips & Snacks,/p/20972859_EA
Lightly Salted Potato Chips,$3.99 ,$3.99 ,"235 g, $1.70/100g",Chips & Snacks,/p/21241019_EA
Original Recipe kettle cooked potato chips 200g,$4.99 ,$4.99 ,"200 g, $2.50/100g",Chips & Snacks,/p/21240703_EA
Unsweetened Apple Sauce,$2.79 ,$2.79 ,"6x100.0 ml, $0.47/100ml",Chips & Snacks,20309701001_EA
Crispy Minis Sour Cream & Onion flavour brown rice chips,$2.79 ,$2.79 ,"100 g, $2.79/100g",Chips & Snacks,20308591001_EA
"Nutri-Grain Cereal Bars, Strawberry 8 Bars",$2.99 ,$2.99 ,"295 g, $1.01/100g",Chips & Snacks,20313984001_EA
Wavy Lightly Salted potato chips,$3.99 ,$3.99 ,"235 g, $1.70/100g",Chips & Snacks,/p/21240913_EA
Multigrain Rounds Tortilla Chips 270g,$4.49 ,$4.49 ,"270 g, $1.66/100g",Chips & Snacks,/p/21050578_EA
Spicy Barbecue Potato Chips ,$1.49 ,$1.49 ,"200 g, $0.75/100g",Chips & Snacks,/p/21348616_EA
Tortilla Chips Salted,$4.49 ,$4.49 ,"350 g, $1.28/100g",Chips & Snacks,/p/21031316_EA
Zesty Cheese flavoured tortilla chips,$4.29 ,$4.29 ,"235 g, $1.83/100g",Chips & Snacks,/p/21369102_EA
Crispy Minis White Cheddar Flavour Large Brown Rice Cakes,$2.79 ,$2.79 ,"140 g, $1.99/100g",Chips & Snacks,20163708004_EA
Dipps Granola Bars – Chocolatey Chip,$2.29 ,$2.49 ,"156 g, $1.47/100g",Chips & Snacks,/p/20847582_EA
Crispy Minis Ketchup flavour brown rice chips,$2.79 ,$2.79 ,"100 g, $2.79/100g",Chips & Snacks,20303002006_EA
Chocolate Pudding Cups 4 Pack,$1.49 ,$1.49 ,"4x99.0 g, $0.38/100g",Chips & Snacks,20297693001_EA
Crispy Minis Butter Popcorn flavour brown rice chips,$2.79 ,$2.79 ,"100 g, $2.79/100g",Chips & Snacks,20313988002_EA
"Granola Bar, Double Chocolate",$2.49 ,$2.49 ,5 ea,Chips & Snacks,/p/21217900_EA
Fruitsource Apple Wildberry Carrot 100% Fruit and Veggie Bar,$1.29 ,$1.29 ,"37 g, $3.49/100g",Chips & Snacks,20107079001_EA
Bite Size Round Tortilla Chips,$2.79 ,$2.79 ,"350 g, $0.80/100g",Chips & Snacks,/p/20302765_EA
Indian Snacks Khatta Meetha,$3.99 ,$3.99 ,"350 g, $1.14/100g",Chips & Snacks,20370751004_EA
Variety Pack,$20.99 ,$20.99 ,"50x28.0 g, $1.50/100g",Chips & Snacks,/p/20015224_EA
World of Flavours Nashville Hot Flavour Rippled Potato Chips ,$2.79 ,$2.79 ,"200 g, $1.40/100g",Chips & Snacks,/p/21387549_EA
Fruit & Nut Mixed Berry Chewy Bars,$3.79 ,$3.79 ,"165 g, $2.30/100g",Chips & Snacks,/p/21000370_EA
Sea Salt Potato Chips,$5.49 ,$5.49 ,"227 g, $2.42/100g",Chips & Snacks,/p/21423301_EA
Sweet & Salty Kettle Corn ,$3.99 ,$3.99 ,"220 g, $1.81/100g",Chips & Snacks,/p/20910769_EA
"Refrigerated Gelatin Snacks, Strawberry (4 X 89G)",$3.99 ,$3.99 ,"4x89.0 g, $1.12/100g",Chips & Snacks,/p/21019795_EA
Soft Baked Cereal Bars Cocoa 7 Grain 5 Bars,$4.29 ,$4.29 ,"175 g, $2.45/100g",Chips & Snacks,/p/21352945_EA
Original Corn Chips 340g,$4.29 ,$4.29 ,"340 g, $1.26/100g",Chips & Snacks,/p/21370347_EA
"Pudding with Nata De Coco, Mix",$3.49 ,$3.99 ,"708 g, $0.49/100g",Chips & Snacks,/p/20180623_EA
Craft Pretzels Smooth Cheddar Ranch,$5.49 ,$5.49 ,"130 g, $4.22/100g",Chips & Snacks,/p/21523071_EA
Party Mix Snack Mix Cheesy Flavoured Snack,$4.29 ,$4.29 ,"250 g, $1.72/100g",Chips & Snacks,/p/21445101_EA
Regular Potato Chips,$5.99 ,$5.99 ,"350 g, $1.71/100g",Chips & Snacks,/p/21241142_EA
Paws Sour Cream & Onion ,$3.99 ,$3.99 ,"170 g, $2.35/100g",Chips & Snacks,/p/21532034_EA
Go Pure Fruit & Oat Bars Fieldberry,$2.99 ,$3.29 ,"5x140.0 g, $0.43/100g",Chips & Snacks,/p/21508067_EA
Pickled Mixed Vegetable Salad,$4.79 ,$4.79 ,"750 ml, $0.64/100ml",Chips & Snacks,20007392001_EA
"Chewy Chia Whole Grain Bars Dark Chocolate, Almond & Sea Salt",$4.29 ,$4.29 ,"175 g, $2.45/100g",Chips & Snacks,/p/21494756_EA
Bold Almonds Salt 'N Vinegar,$5.99 ,$5.99 ,"170 g, $3.52/100g",Chips & Snacks,/p/21432861_EA
Peanuts,$5.99 ,$5.99 ,"410 g, $1.46/100g",Chips & Snacks,/p/20845317_EA
Microwave Butter Flavour Popcorn,$2.79 ,$2.79 ,"247 g, $1.13/100g",Chips & Snacks,/p/21291288_EA
Sour Cream & Caramelized Onion flavour kettle cooked potato chips 200g,$4.99 ,$4.99 ,"200 g, $2.50/100g",Chips & Snacks,/p/21240694_EA
Snack Pack Pudding Gel Lemon Lime,$2.29 ,$2.29 ,"396 g, $0.58/100g",Chips & Snacks,/p/21194844_EA
"Almonds, Lightly Salted",$13.99 ,$13.99 ,"18x23.0 g, $3.38/100g",Chips & Snacks,/p/20297408_EA
Original Pepperoni Stick,$1.29 ,$1.29 ,"22 g, $5.86/100g",Chips & Snacks,/p/20945731_EA
"Cashews, Unsalted",$19.99 ,$19.99 ,"908 g, $2.20/100g",Chips & Snacks,20314862001_EA
Harvest Cheddar Flavour Multigrain Snacks 205g,$4.79 ,$4.79 ,"205 g, $2.34/100g",Chips & Snacks,/p/21370317_EA
"Potato Chips, BBQ",$3.49 ,$3.49 ,"220 g, $1.59/100g",Chips & Snacks,20712036001_EA
Rich Milk Chocolate No Sugar Added Ready-to-Eat Refrigerated Pudding Cups Snack,$3.99 ,$3.99 ,"4x106.0 g, $0.94/100g",Chips & Snacks,/p/21019799_EA
"Go Pure Soft Baked Oatmeal Bars, Carrot Cake 5 Bars",$2.99 ,$3.29 ,"175 g, $1.71/100g",Chips & Snacks,/p/21430815_EA
Chips,$11.99 ,$11.99 ,"30x32.0 g, $1.25/100g",Chips & Snacks,/p/20072787_EA
Hickory Smoked Beef Jerky Meat Snacks,$6.49 ,$6.49 ,"80 g, $8.11/100g",Chips & Snacks,/p/21206379_EA
Sesame Seaweed Almond,$2.29 ,$2.29 ,"35 g, $6.54/100g",Chips & Snacks,/p/21446128_EA
"Fruit Snacks, Animated Edition",$3.99 ,$3.99 ,"226 g, $1.77/100g",Chips & Snacks,/p/20887514_EA
Imam Bayeldi Eggplant Appetizers,$3.99 ,$3.99 ,"580 ml, $0.69/100ml",Chips & Snacks,/p/20543048_EA
Cheddar Flavour Seasoned Popcorn,$3.99 ,$3.99 ,"180 g, $2.22/100g",Chips & Snacks,/p/21434295_EA
Sweet & Salty Cashew Chewy Granola Bars,$3.49 ,$3.49 ,"192 g, $1.82/100g",Chips & Snacks,/p/21213625_EA
Crunchy Cheese Flavoured Snacks Halloween Pack 40 CT,$11.49 ,$11.49 ,"640 g, $1.80/100g",Chips & Snacks,/p/21457057_EA
Peanut Butter & Dark Chocolate Chip Protein Granola Bars,$3.99 ,$3.99 ,"148 g, $2.70/100g",Chips & Snacks,/p/20965375_EA
BBQ Flavour Potato Chips,$3.49 ,$3.49 ,"156 g, $2.24/100g",Chips & Snacks,/p/21003832_EA
Crunchy Flamin' Hot Cheese Flavoured Snacks,$3.99 ,$3.99 ,"285 g, $1.40/100g",Chips & Snacks,/p/21370217_EA
"Sunflower Seeds, Seasoned",$3.49 ,$3.49 ,"370 g, $0.94/100g",Chips & Snacks,/p/20947442_EA
Sour Cream & Onion Flavour Potato Chips,$3.49 ,$3.49 ,"156 g, $2.24/100g",Chips & Snacks,/p/21003823_EA
Dipped Chocolate Chip Granola Bars,$2.29 ,$2.29 ,"156 g, $1.47/100g",Chips & Snacks,/p/20915354_EA
Chewy Granola Bars - Caramel & Chocolate Flavour,$2.29 ,$2.49 ,"120 g, $1.91/100g",Chips & Snacks,/p/21359377_EA
Peri-Peri Bites,$4.99 ,$4.99 ,"50 g, $9.98/100g",Chips & Snacks,/p/21358636_EA
Cheezies,$5.99 ,$5.99 ,"420 g, $1.43/100g",Chips & Snacks,/p/20117276_EA
Sweet & Salty - Variety Pack,$11.99 ,$11.99 ,"980 g, $1.22/100g",Chips & Snacks,/p/21418559_EA
Mini Nacho Cheese Flavoured Tortilla Chips Halloween Pack 40 CT,$11.49 ,$11.49 ,"640 g, $1.80/100g",Chips & Snacks,/p/21457072_EA
Beets Salad,$4.79 ,$4.79 ,"750 ml, $0.64/100ml",Chips & Snacks,/p/20688740_EA
"Natural Flavour Microwave Popcorn, Mini Bags",$4.49 ,$4.49 ,"8x32.0 g, $1.75/100g",Chips & Snacks,/p/20304025_EA
Wavy Hickory BBQ flavoured potato chips,$3.99 ,$3.99 ,"220 g, $1.81/100g",Chips & Snacks,/p/21241017_EA
Fruit To Go Apple Wildberry 100% Fruit Snack,$0.49 ,$0.49 ,"14 g, $3.50/100g",Chips & Snacks,20072043003_EA
Lunchbox - S'Mores Flavour,$3.99 ,$3.99 ,"130 g, $3.07/100g",Chips & Snacks,/p/21165491_EA
Cheezy Cracker Bites,$4.99 ,$4.99 ,"120 g, $4.16/100g",Chips & Snacks,/p/21449459_EA
"Nutri-Grain Cereal Bars, Mixed Berry 8 Bars",$2.99 ,$3.49 ,"295 g, $1.01/100g",Chips & Snacks,20313984002_EA
Sweet & Salty Dark Chocolate & Almond Granola Bar,$2.79 ,$2.79 ,"175 g, $1.59/100g",Chips & Snacks,/p/21244316_EA
Punjabi Mix,$2.99 ,$2.99 ,"341 g, $0.88/100g",Chips & Snacks,20322576001_EA
Lime & Black Pepper flavour kettle cooked potato chips 200g,$4.99 ,$4.99 ,"200 g, $2.50/100g",Chips & Snacks,/p/21240661_EA
"Refrigerated Gelatin Snacks, Lemon Lime (4 X 89G)",$3.99 ,$3.99 ,"4x89.0 g, $1.12/100g",Chips & Snacks,/p/21019833_EA
"Peanuts, Dry Roasted",$2.99 ,$2.99 ,"325 g, $0.92/100g",Chips & Snacks,/p/20961696_EA
Bhel Puri Snack Mix,$1.79 ,$1.79 ,"150 g, $1.19/100g",Chips & Snacks,/p/20309977_EA
Alu Bhujia,$1.79 ,$1.79 ,"150 g, $1.19/100g",Chips & Snacks,20314667002_EA
Gourmet Popcorn Simply Salted,$5.99 ,$5.99 ,"492 g, $1.22/100g",Chips & Snacks,/p/21158726_EA
Tree Ripened Olives,$2.69 ,$2.69 ,"210 g, $1.28/100g",Chips & Snacks,/p/20699725_EA
Fuji & Reds Apple Chips 96g,$6.29 ,$6.29 ,"96 g, $6.55/100g",Chips & Snacks,/p/21206317_EA
"Sour Patch Kids Pack, Blue Raspberry, 6 Pack",$3.99 ,$3.99 ,"594 g, $0.67/100g",Chips & Snacks,/p/21521068_EA
Wasabi And Soy Sauce,$5.99 ,$5.99 ,"170 g, $3.52/100g",Chips & Snacks,20500386007_EA
Apple Squeeze Fruit Snacks,$2.79 ,$2.79 ,"4x90.0 g, $0.78/100g",Chips & Snacks,/p/20939682_EA
Original Low Sodium,$10.99 ,$10.99 ,"354 g, $3.10/100g",Chips & Snacks,/p/20986486_EA
Fruit Bowl Variety Pack,$9.99 ,$9.99 ,"16x107.0 ml, $0.58/100ml",Chips & Snacks,20075199001_EA
Nacho Flavoured Potato Chips,$3.99 ,$3.99 ,"220 g, $1.81/100g",Chips & Snacks,/p/21532043_EA
Bold Almonds Spicy Dill Pickle,$5.99 ,$5.99 ,"170 g, $3.52/100g",Chips & Snacks,/p/21432864_EA
Peanut and Sunflower Seed Popcorn Bars,$3.99 ,$3.99 ,"150 g, $2.66/100g",Chips & Snacks,/p/21399743_EA
Oreo Ready-to-Eat Refrigerated Pudding Cups Snack,$3.99 ,$3.99 ,"4x113.0 g, $0.88/100g",Chips & Snacks,/p/21019804_EA
"Roasted Almonds, Salted",$14.99 ,$14.99 ,"454 g, $3.30/100g",Chips & Snacks,20044176002_EA
Cinnamon Apple Chips 96g,$6.29 ,$6.29 ,"96 g, $6.55/100g",Chips & Snacks,/p/21368815_EA
Indian Snacks Dal Biji Red Lentil Mixture,$1.79 ,$1.79 ,"150 g, $1.19/100g",Chips & Snacks,20314667003_EA
Chewy Bars Oats & Chocolate ,$11.99 ,$11.99 ,"840 g, $1.43/100g",Chips & Snacks,/p/21418522_EA
Handcrafted-Style Chips Black Truffle Sea Salt Potato Chips,$4.79 ,$4.79 ,"128 g, $3.83/100g",Chips & Snacks,/p/21483789_EA
Red Corn Tortilla Chips,$4.49 ,$4.49 ,"300 g, $1.50/100g",Chips & Snacks,/p/21031312_EA
Beef Jerky Zero Sugar Old Fashioned,$6.99 ,$6.99 ,"70 g, $9.99/100g",Chips & Snacks,/p/21377154_EA
Scorchin' Potato Chips Cheddar Flavour,$3.49 ,$3.49 ,"156 g, $2.24/100g",Chips & Snacks,/p/21521664_EA
Dipped & Chewy Chocolate Chip Granola Bars,$12.99 ,$12.99 ,"1240 g, $1.05/100g",Chips & Snacks,/p/21085527_EA
Crunchy And Spicy Potato Sticks Aloo Laccha Namkeen,$1.79 ,$1.79 ,"150 g, $1.19/100g",Chips & Snacks,/p/21471372_EA
Scooby-Doo - Fruit Flavoured Snacks,$3.99 ,$3.99 ,"226 g, $1.77/100g",Chips & Snacks,20335950001_EA
Sweet & Salty - Peanut,$11.99 ,$11.99 ,"980 g, $1.22/100g",Chips & Snacks,/p/21418558_EA
Sweet & Salty Dark Choc,$6.99 ,$6.99 ,"525 g, $1.33/100g",Chips & Snacks,/p/21279928_EA
Lentil Snaps Tomato Basil Flavoured Lentil Crips Baked,$3.99 ,$3.99 ,"85 g, $4.69/100g",Chips & Snacks,/p/21206709_EA
Sausage Snacks Snack Sticks Original,$6.49 ,$6.49 ,"150 g, $4.33/100g",Chips & Snacks,/p/21498275_EA
"Sunflower Seeds, Original",$2.88 ,$2.88 ,"260 g, $1.11/100g",Chips & Snacks,20854556002_EA
Scorchin' Potato Chips Sour Cream and Onion Flavour,$3.49 ,$3.49 ,"156 g, $2.24/100g",Chips & Snacks,/p/21521662_EA
Rice Krispies Bars Rainbow,$2.99 ,$2.99 ,"176 g, $1.70/100g",Chips & Snacks,20126567003_EA
Potato Chips Sweet & Spicy Ketchup 190g,$4.99 ,$4.99 ,"190 g, $2.63/100g",Chips & Snacks,/p/21434273_EA
Original Caramel Coated Popcorn and Peanuts 200g,$4.99 ,$4.99 ,"200 g, $2.50/100g",Chips & Snacks,/p/20061228_EA
Fruit To Go Apple Strawberry 100% Fruit Snack,$0.49 ,$0.49 ,"14 g, $3.50/100g",Chips & Snacks,20072043001_EA
"Refrigerated Gelatin Snacks, Lemon Lime (4 X 89G)",$3.99 ,$3.99 ,"4x89.0 g, $1.12/100g",Chips & Snacks,/p/21019833_EA
"Fruit Cups, Very Cherry Club Pack (Case)",$18.99 ,$18.99 ,"20x112.5 ml, $0.84/100ml",Chips & Snacks,p/20796894_C01
"Granola Bar, Salted Caramel",$2.49 ,$2.49 ,5 ea,Chips & Snacks,/p/21217904_EA
Rice Pudding Cups No Sugar Added,$4.49 ,$4.49 ,"4x113.0 g, $0.99/100g",Chips & Snacks,20321764003_EA
Party Original Mix,$4.29 ,$4.29 ,"250 g, $1.72/100g",Chips & Snacks,/p/21445100_EA
Scooby-Doo - Fruit Flavoured Snacks,$3.99 ,$3.99 ,"226 g, $1.77/100g",Chips & Snacks,20335950001_EA
Sweet & Salty - Peanut,$11.99 ,$11.99 ,"980 g, $1.22/100g",Chips & Snacks,/p/21418558_EA
Sweet & Salty Dark Choc,$6.99 ,$6.99 ,"525 g, $1.33/100g",Chips & Snacks,/p/21279928_EA
Lentil Snaps Tomato Basil Flavoured Lentil Crips Baked,$3.99 ,$3.99 ,"85 g, $4.69/100g",Chips & Snacks,/p/21206709_EA
Peanuts,$5.99 ,$5.99 ,"410 g, $1.46/100g",Chips & Snacks,/p/20845317_EA
"Peanuts, Dry Roasted",$2.99 ,$2.99 ,"325 g, $0.92/100g",Chips & Snacks,/p/20961696_EA
Original Pepperoni Stick,$1.29 ,$1.29 ,"22 g, $5.86/100g",Chips & Snacks,/p/20945731_EA
Dipped Chocolate Chip Granola Bars,$2.29 ,$2.29 ,"156 g, $1.47/100g",Chips & Snacks,/p/20915354_EA
Gourmet Popcorn Simply Salted,$5.99 ,$5.99 ,"492 g, $1.22/100g",Chips & Snacks,/p/21158726_EA
Microwave Butter Flavour Popcorn,$2.79 ,$2.79 ,"247 g, $1.13/100g",Chips & Snacks,/p/21291288_EA
Sour Cream & Caramelized Onion flavour kettle cooked potato chips 200g,$4.99 ,$4.99 ,"200 g, $2.50/100g",Chips & Snacks,/p/21240694_EA
Snack Pack Pudding Gel Lemon Lime,$2.29 ,$2.29 ,"396 g, $0.58/100g",Chips & Snacks,/p/21194844_EA
"Almonds, Lightly Salted",$13.99 ,$13.99 ,"18x23.0 g, $3.38/100g",Chips & Snacks,/p/20297408_EA
Red Corn Tortilla Chips,$4.49 ,$4.49 ,"300 g, $1.50/100g",Chips & Snacks,/p/21031312_EA
Beef Jerky Zero Sugar Old Fashioned,$6.99 ,$6.99 ,"70 g, $9.99/100g",Chips & Snacks,/p/21377154_EA
Scorchin' Potato Chips Cheddar Flavour,$3.49 ,$3.49 ,"156 g, $2.24/100g",Chips & Snacks,/p/21521664_EA
Dipped & Chewy Chocolate Chip Granola Bars,$12.99 ,$12.99 ,"1240 g, $1.05/100g",Chips & Snacks,/p/21085527_EA
Crunchy And Spicy Potato Sticks Aloo Laccha Namkeen,$1.79 ,$1.79 ,"150 g, $1.19/100g",Chips & Snacks,/p/21471372_EA
Sausage Snacks Snack Sticks Original,$6.49 ,$6.49 ,"150 g, $4.33/100g",Chips & Snacks,/p/21498275_EA
Pickled Mixed Vegetable Salad,$4.79 ,$4.79 ,"750 ml, $0.64/100ml",Chips & Snacks,20007392001_EA
Fuji & Reds Apple Chips 96g,$6.29 ,$6.29 ,"96 g, $6.55/100g",Chips & Snacks,/p/21206317_EA
Hickory Smoked Beef Jerky Meat Snacks,$6.49 ,$6.49 ,"80 g, $8.11/100g",Chips & Snacks,/p/21206379_EA
Sesame Seaweed Almond,$2.29 ,$2.29 ,"35 g, $6.54/100g",Chips & Snacks,/p/21446128_EA
"Fruit Snacks, Animated Edition",$3.99 ,$3.99 ,"226 g, $1.77/100g",Chips & Snacks,/p/20887514_EA
Imam Bayeldi Eggplant Appetizers,$3.99 ,$3.99 ,"580 ml, $0.69/100ml",Chips & Snacks,/p/20543048_EA
Bhel Puri Snack Mix,$1.79 ,$1.79 ,"150 g, $1.19/100g",Chips & Snacks,/p/20309977_EA
Alu Bhujia,$1.79 ,$1.79 ,"150 g, $1.19/100g",Chips & Snacks,20314667002_EA
Bold Almonds Salt 'N Vinegar,$5.99 ,$5.99 ,"170 g, $3.52/100g",Chips & Snacks,/p/21432861_EA
Tree Ripened Olives,$2.69 ,$2.69 ,"210 g, $1.28/100g",Chips & Snacks,/p/20699725_EA
Chewy Granola Bars - Caramel & Chocolate Flavour,$2.29 ,$2.49 ,"120 g, $1.91/100g",Chips & Snacks,/p/21359377_EA
Peri-Peri Bites,$4.99 ,$4.99 ,"50 g, $9.98/100g",Chips & Snacks,/p/21358636_EA
Cheezies,$5.99 ,$5.99 ,"420 g, $1.43/100g",Chips & Snacks,/p/20117276_EA
Sweet & Salty - Variety Pack,$11.99 ,$11.99 ,"980 g, $1.22/100g",Chips & Snacks,/p/21418559_EA
Mini Nacho Cheese Flavoured Tortilla Chips Halloween Pack 40 CT,$11.49 ,$11.49 ,"640 g, $1.80/100g",Chips & Snacks,/p/21457072_EA
Beets Salad,$4.79 ,$4.79 ,"750 ml, $0.64/100ml",Chips & Snacks,/p/20688740_EA
"Natural Flavour Microwave Popcorn, Mini Bags",$4.49 ,$4.49 ,"8x32.0 g, $1.75/100g",Chips & Snacks,/p/20304025_EA
Wavy Hickory BBQ flavoured potato chips,$3.99 ,$3.99 ,"220 g, $1.81/100g",Chips & Snacks,/p/21241017_EA
Fruit To Go Apple Wildberry 100% Fruit Snack,$0.49 ,$0.49 ,"14 g, $3.50/100g",Chips & Snacks,20072043003_EA
Lunchbox - S'Mores Flavour,$3.99 ,$3.99 ,"130 g, $3.07/100g",Chips & Snacks,/p/21165491_EA
Portuguese Galega Olives,$6.99 ,$6.99 ,"1300 g, $0.54/100g",Chips & Snacks,/p/20700041_EA
Rice Krispies Bars Rainbow,$2.99 ,$2.99 ,"176 g, $1.70/100g",Chips & Snacks,20126567003_EA
Rice Pudding Cups No Sugar Added,$4.49 ,$4.49 ,"4x113.0 g, $0.99/100g",Chips & Snacks,20321764003_EA
Potato Chips Sweet & Spicy Ketchup 190g,$4.99 ,$4.99 ,"190 g, $2.63/100g",Chips & Snacks,/p/21434273_EA
Original Caramel Coated Popcorn and Peanuts 200g,$4.99 ,$4.99 ,"200 g, $2.50/100g",Chips & Snacks,/p/20061228_EA
Fruit To Go Apple Strawberry 100% Fruit Snack,$0.49 ,$0.49 ,"14 g, $3.50/100g",Chips & Snacks,20072043001_EA
Party Original Mix,$4.29 ,$4.29 ,"250 g, $1.72/100g",Chips & Snacks,/p/21445100_EA
Bold Almonds Salt 'N Vinegar,$5.99 ,$5.99 ,"170 g, $3.52/100g",Chips & Snacks,/p/21432861_EA
Peanuts,$5.99 ,$5.99 ,"410 g, $1.46/100g",Chips & Snacks,/p/20845317_EA
Microwave Butter Flavour Popcorn,$2.79 ,$2.79 ,"247 g, $1.13/100g",Chips & Snacks,/p/21291288_EA
Sour Cream & Caramelized Onion flavour kettle cooked potato chips 200g,$4.99 ,$4.99 ,"200 g, $2.50/100g",Chips & Snacks,/p/21240694_EA
"Peanuts, Dry Roasted",$2.99 ,$2.99 ,"325 g, $0.92/100g",Chips & Snacks,/p/20961696_EA
Original Pepperoni Stick,$1.29 ,$1.29 ,"22 g, $5.86/100g",Chips & Snacks,/p/20945731_EA
Dipped Chocolate Chip Granola Bars,$2.29 ,$2.29 ,"156 g, $1.47/100g",Chips & Snacks,/p/20915354_EA
Corn Tostadas Chipotle Flavor With Sea Salt,$3.49 ,$3.49 ,"350 g, $1.00/100g",Chips & Snacks,/p/21117885_EA
"Refrigerated Pudding Snacks, Strawberry Cheesecake",$3.99 ,$3.99 ,"4x99.0 g, $1.01/100g",Chips & Snacks,/p/21019805_EA
Original Kettle Cooked Chips Club Size,$7.99 ,$7.99 ,"907 g, $0.88/100g",Chips & Snacks,/p/21426018_EA
"Fruit Bowls Pears, Diced",$3.69 ,$3.69 ,"4x107.0 ml, $0.86/100ml",Chips & Snacks,20318455002_EA
Crispy Seaweed Hot & Spicy,$1.99 ,$2.49 ,"36 g, $5.53/100g",Chips & Snacks,/p/21377034_EA
Garden Party Mix,$4.99 ,$4.99 ,"500 g, $1.00/100g",Chips & Snacks,/p/20706820_EA
"Chewy Trail Mix Granola Bars, Fruit & Nut",$3.99 ,$3.99 ,"175 g, $2.28/100g",Chips & Snacks,20315520005_EA
French Onion & Sour Cream Garden Stix,$2.79 ,$2.79 ,"142 g, $1.96/100g",Chips & Snacks,/p/21284131_EA
Hint of Zesty Cheddar Flavour Tortilla Chips,$4.49 ,$4.49 ,"275 g, $1.63/100g",Chips & Snacks,/p/21550359_EA
Poutine Flavoured Potato Chips,$4.49 ,$4.49 ,"180 g, $2.49/100g",Chips & Snacks,/p/21532038_EA
Sea Salt And Cider Vinegar Organic,$4.49 ,$4.49 ,"135 g, $3.33/100g",Chips & Snacks,/p/21524167_EA
"Handcrafted-Style Chips, BBQ Sweet Potato Chips",$4.99 ,$4.99 ,"150 g, $3.33/100g",Chips & Snacks,/p/21085829_EA
Classic Style Tiny Twists Pretzels 295g,$4.49 ,$4.49 ,"295 g, $1.52/100g",Chips & Snacks,/p/21370454_EA
Greek Yogurt Coated & Blueberry Granola Bars,$3.99 ,$3.99 ,"175 g, $2.28/100g",Chips & Snacks,/p/20684350_EA
Ketchup Potato Chips,$3.49 ,$3.49 ,"156 g, $2.24/100g",Chips & Snacks,/p/21002466_EA
Popcorn Cheese Flavour Popcorn,$2.25 ,$2.25 ,"150 g, $1.50/100g",Chips & Snacks,/p/21506447_EA
Hoops Bar-B-Q Flavour Corn Chips 340g,$4.29 ,$4.29 ,"340 g, $1.26/100g",Chips & Snacks,/p/21370323_EA
"Fruitsations, Original Apple",$3.29 ,$3.29 ,"104 ml, $3.16/100ml",Chips & Snacks,20324241001_EA
Fruit To Go Apple Mango 100% Fruit Snack,$0.49 ,$0.49 ,"14 g, $3.50/100g",Chips & Snacks,/p/21400421_EA
Pork Snack Bites Korean Barbecue Recipe,$6.49 ,$6.49 ,"80 g, $8.11/100g",Chips & Snacks,/p/21525959_EA
Chocolate Hazelnut Spread,$3.79 ,$3.79 ,"400 g, $0.95/100g",Chips & Snacks,/p/20101584_EA
Pork Tender Bites Barbecue Recipe,$6.49 ,$6.49 ,"81 g, $8.01/100g",Chips & Snacks,/p/21525957_EA
Salted Blanched Peanuts,$12.99 ,$12.99 ,"2 kg, $0.65/100g",Chips & Snacks,/p/20058865_EA
Cheddar Jalapeño flavoured potato chips,$3.99 ,$3.99 ,"235 g, $1.70/100g",Chips & Snacks,/p/21241014_EA
"Bakery Shop Snack Pack, Dessert Flavours, Lemon Meringue Pie",$2.29 ,$2.29 ,"4x99.0 g, $0.58/100g",Chips & Snacks,20296565001_EA
Fruit Sauce Apple Pineapple Passion Fruit,$3.99 ,$3.99 ,"360 g, $1.11/100g",Chips & Snacks,/p/21411481_EA
Potato Chips Sour Cream 'n Onion Flavoured,$3.99 ,$3.99 ,"235 g, $1.70/100g",Chips & Snacks,/p/21367550_EA
Tiny Twists Classic Dipped,$4.99 ,$4.99 ,"198 g, $2.52/100g",Chips & Snacks,/p/20328684_EA
Fire-Grilled Pork Jerky Korean Barbecue Recipe,$6.49 ,$6.49 ,"80 g, $8.11/100g",Chips & Snacks,/p/21525960_EA
Chocolate 6 Pack,$5.00 ,$5.00 ,"144 g, $3.47/100g",Chips & Snacks,/p/21361535_EA
"Snapea Crisps, Black Pepper",$3.99 ,$3.99 ,"93 g, $4.29/100g",Chips & Snacks,20803759003_EA
Hickory Sticks Salt & Vinegar Flavoured Potato Sticks,$2.25 ,$2.25 ,"165 g, $1.36/100g",Chips & Snacks,/p/21506490_EA
Regular Lightly Salted Potato Chips,$4.49 ,$4.49 ,"200 g, $2.25/100g",Chips & Snacks,/p/21241145_EA
Butterscotch Pudding Cups 4 Pack,$1.49 ,$1.49 ,"4x99.0 g, $0.38/100g",Chips & Snacks,20297693003_EA
"Squeeze, Apple Peach",$3.99 ,$3.99 ,"90 g, $1.11/100g",Chips & Snacks,20415694002_EA
White Corn Restaurant Style Tortilla Chips ,$2.79 ,$2.79 ,"320 g, $0.87/100g",Chips & Snacks,/p/20305180_EA
"Butter Flavour Microwave Popcorn, Mini Bags",$4.49 ,$4.49 ,"8x32.0 g, $1.75/100g",Chips & Snacks,/p/20322575_EA
Original Chips,$3.99 ,$3.99 ,"235 g, $1.70/100g",Chips & Snacks,/p/21367541_EA
Salt and Vinegar Chips,$3.99 ,$3.99 ,"235 g, $1.70/100g",Chips & Snacks,/p/21367548_EA
Kids Fruit Snacks,$3.99 ,$3.99 ,"226 g, $1.77/100g",Chips & Snacks,/p/20952626_EA
Apple Strawberry Squeeze Fruit Snacks,$7.79 ,$7.79 ,"1080 g, $0.72/100g",Chips & Snacks,/p/21126057_EA
"Beef Jerky, Jalapeno",$6.49 ,$6.49 ,"80 g, $8.11/100g",Chips & Snacks,20501983001_EA
Caramel,$5.79 ,$5.79 ,"450 g, $1.29/100g",Chips & Snacks,/p/20573570_EA
Rice Cake Minis Sea Salt Organic,$6.49 ,$6.49 ,"142 g, $4.57/100g",Chips & Snacks,/p/21453618_EA
Rugged Handcrafted-Style Chips All Natural Potato Chips Level-Up Size,$5.49 ,$5.49 ,"275 g, $2.00/100g",Chips & Snacks,/p/21481907_EA
Dipps Granola Bars – Peanut Butter,$2.29 ,$2.49 ,"156 g, $1.47/100g",Chips & Snacks,/p/20847584_EA
"Crackers and Cheese, Processed Cheese Product",$1.79 ,$1.79 ,"3x29.0 g, $2.06/100g",Chips & Snacks,/p/20889882_EA
"Red Peppers, Roasted",$4.79 ,$4.79 ,"500 ml, $0.96/100ml",Chips & Snacks,/p/20185189_EA
Dinamita Chile-Lime Burn rolled tortilla chips,$4.29 ,$4.29 ,"280 g, $1.53/100g",Chips & Snacks,/p/21173096_EA
"Pop Corn, Resealable",$4.49 ,$4.49 ,"400 g, $1.12/100g",Chips & Snacks,/p/20663717_EA
Ready-to-Eat Organic Chestnuts,$1.29 ,$1.29 ,"100 g, $1.29/100g",Chips & Snacks,/p/20873813_EA
Homestyle Rice Krispies Squares Chocolate Limited Edition,$3.49 ,$3.49 ,"198 g, $1.76/100g",Chips & Snacks,/p/21504797_EA
The Original Organic,$4.49 ,$4.49 ,"135 g, $3.33/100g",Chips & Snacks,/p/21524235_EA
Corn Snack Puffed,$3.99 ,$3.99 ,"265 g, $1.51/100g",Chips & Snacks,/p/20860418_EA
"Chewy Protein Bars, Peanut Butter Dark Chocolate",$3.49 ,$3.49 ,"148 g, $2.36/100g",Chips & Snacks,20686988002_EA
Honey Twist Snack,$1.29 ,$1.37 ,"75 g, $1.72/100g",Chips & Snacks,/p/20324775_EA
Krinkle Cut Potato Chips Truffle Oil & Sea Salt,$4.49 ,$4.49 ,"198 g, $2.27/100g",Chips & Snacks,/p/21520687_EA
Nut Bar Mix,$12.99 ,$12.99 ,"1275 g, $1.12/100g",Chips & Snacks,/p/20997864_EA
Potato Chips Mi Goreng Fried Noodles Flavour,$2.19 ,$2.19 ,"55 g, $3.98/100g",Chips & Snacks,/p/21107676_EA
Apple Mango Sweet Potato Squeeze Fruit Snacks,$2.79 ,$2.79 ,"4x90.0 g, $0.78/100g",Chips & Snacks,/p/20939688_EA
Aloo Bhujia,$3.99 ,$3.99 ,"350 g, $1.14/100g",Chips & Snacks,20370751003_EA
Simply Blue Corn Tortilla Chips,$5.49 ,$5.49 ,"240 g, $2.29/100g",Chips & Snacks,/p/20991017_EA
Easy Rounders Tortillas Chips,$5.49 ,$5.49 ,"300 g, $1.83/100g",Chips & Snacks,/p/21533053_EA
Potato Chips Cheddar,$4.49 ,$4.49 ,"198 g, $2.27/100g",Chips & Snacks,/p/21520665_EA
Tortillas Organic Nacho Cheese,$6.99 ,$6.99 ,"255 g, $2.74/100g",Chips & Snacks,/p/21551366_EA
Corn Tostadas Original Flavor With Sea Salt,$3.49 ,$3.49 ,"350 g, $1.00/100g",Chips & Snacks,/p/21117787_EA
Lela's Chickpea Chips Plain & Simple,$4.99 ,$4.99 ,"120 g, $4.16/100g",Chips & Snacks,/p/21523256_EA
"Squeeze, Applesauce Apple Banana",$3.99 ,$3.99 ,"4x90.0 g, $1.11/100g",Chips & Snacks,20415694001_EA
Fruit Gushers Variety Pack ,$3.99 ,$3.99 ,"138 g, $2.89/100g",Chips & Snacks,20639204001_EA
Dill Pickle flavoured potato chips,$3.99 ,$3.99 ,"235 g, $1.70/100g",Chips & Snacks,/p/21241020_EA
Lunchbox - Double Chocolate Flavour,$3.99 ,$3.99 ,"130 g, $3.07/100g",Chips & Snacks,/p/20887250_EA
Double Crunch Original Potato Chips,$4.49 ,$4.49 ,"180 g, $2.49/100g",Chips & Snacks,/p/21434259_EA
Cheese Sticks,$10.99 ,$10.99 ,"720 g, $1.53/100g",Chips & Snacks,/p/21384112_EA
Arriba Nacho Cheese Flavour Tortilla Chips,$4.29 ,$4.29 ,"245 g, $1.75/100g",Chips & Snacks,/p/20987677_EA
"Popcorn Bowl, Buttery",$5.99 ,$5.99 ,"6x82.0 g, $1.22/100g",Chips & Snacks,20629532002_EA
Fruitsations + Veggie Assorted Fruit,$3.99 ,$3.99 ,"226 g, $1.77/100g",Chips & Snacks,20686716001_EA
"Cashews, Roasted & Salted",$6.49 ,$6.49 ,"200 g, $3.25/100g",Chips & Snacks,/p/21021618_EA
Potato Chips Sea Salt Party Size,$6.49 ,$6.49 ,"368 g, $1.76/100g",Chips & Snacks,/p/21520601_EA
Poutine Flavoured Potato Chips,$4.49 ,$4.49 ,"180 g, $2.49/100g",Chips & Snacks,/p/21532038_EA
Fruit To Go Apple Mango 100% Fruit Snack,$0.49 ,$0.49 ,"14 g, $3.50/100g",Chips & Snacks,/p/21400421_EA
Pork Snack Bites Korean Barbecue Recipe,$6.49 ,$6.49 ,"80 g, $8.11/100g",Chips & Snacks,/p/21525959_EA
Sea Salt And Cider Vinegar Organic,$4.49 ,$4.49 ,"135 g, $3.33/100g",Chips & Snacks,/p/21524167_EA
"Handcrafted-Style Chips, BBQ Sweet Potato Chips",$4.99 ,$4.99 ,"150 g, $3.33/100g",Chips & Snacks,/p/21085829_EA
Classic Style Tiny Twists Pretzels 295g,$4.49 ,$4.49 ,"295 g, $1.52/100g",Chips & Snacks,/p/21370454_EA
Greek Yogurt Coated & Blueberry Granola Bars,$3.99 ,$3.99 ,"175 g, $2.28/100g",Chips & Snacks,/p/20684350_EA
Ketchup Potato Chips,$3.49 ,$3.49 ,"156 g, $2.24/100g",Chips & Snacks,/p/21002466_EA
Popcorn Cheese Flavour Popcorn,$2.25 ,$2.25 ,"150 g, $1.50/100g",Chips & Snacks,/p/21506447_EA
Hoops Bar-B-Q Flavour Corn Chips 340g,$4.29 ,$4.29 ,"340 g, $1.26/100g",Chips & Snacks,/p/21370323_EA
"Fruitsations, Original Apple",$3.29 ,$3.29 ,"104 ml, $3.16/100ml",Chips & Snacks,20324241001_EA
Tiny Twists Classic Dipped,$4.99 ,$4.99 ,"198 g, $2.52/100g",Chips & Snacks,/p/20328684_EA
Fire-Grilled Pork Jerky Korean Barbecue Recipe,$6.49 ,$6.49 ,"80 g, $8.11/100g",Chips & Snacks,/p/21525960_EA
Chocolate 6 Pack,$5.00 ,$5.00 ,"144 g, $3.47/100g",Chips & Snacks,/p/21361535_EA
"Snapea Crisps, Black Pepper",$3.99 ,$3.99 ,"93 g, $4.29/100g",Chips & Snacks,20803759003_EA
Hickory Sticks Salt & Vinegar Flavoured Potato Sticks,$2.25 ,$2.25 ,"165 g, $1.36/100g",Chips & Snacks,/p/21506490_EA
Pork Tender Bites Barbecue Recipe,$6.49 ,$6.49 ,"81 g, $8.01/100g",Chips & Snacks,/p/21525957_EA
Salted Blanched Peanuts,$12.99 ,$12.99 ,"2 kg, $0.65/100g",Chips & Snacks,/p/20058865_EA
Pink Salt Bites,$4.99 ,$4.99 ,"50 g, $9.98/100g",Chips & Snacks,/p/21358659_EA
Sweet & Salty Almond Chewy Granola Bars,$3.49 ,$3.49 ,"210 g, $1.66/100g",Chips & Snacks,/p/21213584_EA
Chili Peanuts,$3.19 ,$3.19 ,"341 g, $0.94/100g",Chips & Snacks,20785692001_EA
"Ready To Bake, Pumpkin Spice",$4.99 ,$4.99 ,"396 g, $1.26/100g",Chips & Snacks,/p/20799507_EA
Lemon Twist Corn Bites,$0.50 ,$0.50 ,$0.99/100g,Chips & Snacks,/p/20163003_KG
Regular Lightly Salted Potato Chips,$4.49 ,$4.49 ,"200 g, $2.25/100g",Chips & Snacks,/p/21241145_EA
Butterscotch Pudding Cups 4 Pack,$1.49 ,$1.49 ,"4x99.0 g, $0.38/100g",Chips & Snacks,20297693003_EA
No Sugar Added Vanilla Pudding,$2.29 ,$2.29 ,"4x99.0 g, $0.58/100g",Chips & Snacks,20310707009_EA
Cheddar Jalapeño flavoured potato chips,$3.99 ,$3.99 ,"235 g, $1.70/100g",Chips & Snacks,/p/21241014_EA
"Bakery Shop Snack Pack, Dessert Flavours, Lemon Meringue Pie",$2.29 ,$2.29 ,"4x99.0 g, $0.58/100g",Chips & Snacks,20296565001_EA
Regular Potato Chips Halloween Pack 40 CT,$11.49 ,$11.49 ,"640 g, $1.80/100g",Chips & Snacks,/p/21457082_EA
"Potato Chips, Regular",$3.49 ,$3.49 ,"220 g, $1.59/100g",Chips & Snacks,20712036004_EA
Turtle Chips Snack Chip Chocolate Flavor Choco Churros,$4.19 ,$4.19 ,"160 g, $2.62/100g",Chips & Snacks,/p/21454281_EA
Crispy Rice Marshmallow Squares,$2.79 ,$2.79 ,"176 g, $1.59/100g",Chips & Snacks,/p/20702579_EA
Sweet & Salty Almond Chewy Nut Bars,$2.29 ,$2.29 ,"175 g, $1.31/100g",Chips & Snacks,20315413002_EA
"Rice Snacks, Sea Salt, Brown & Golden Flax",$4.49 ,$4.49 ,"155 g, $2.90/100g",Chips & Snacks,/p/21023224_EA
Dipped Clusters Clusters Dark Chocolate Almond Butter,$5.99 ,$5.99 ,"113 g, $5.30/100g",Chips & Snacks,/p/21453323_EA
Jalapeño flavour kettle cooked potato chips 200g,$4.99 ,$4.99 ,"200 g, $2.50/100g",Chips & Snacks,/p/21240630_EA
French Onion Flavour Multigrain Snacks 205g,$4.79 ,$4.79 ,"205 g, $2.34/100g",Chips & Snacks,/p/21370313_EA
Indian Snacks Bhujia Sev,$3.99 ,$3.99 ,"350 g, $1.14/100g",Chips & Snacks,20370751002_EA
Roasted Cashews with Sea Salt ,$4.79 ,$4.79 ,"200 g, $2.40/100g",Chips & Snacks,/p/21054943_EA
Popcorn Twists Snack Size,$10.99 ,$10.99 ,"450 g, $2.44/100g",Chips & Snacks,/p/21384113_EA
Simply White Cheddar Flavoured Tortilla Chips 213g,$5.49 ,$5.49 ,"213 g, $2.58/100g",Chips & Snacks,/p/21033703_EA
Arriba Chips Tortilla Creamy Guacamole Flavour,$4.29 ,$4.29 ,"235 g, $1.83/100g",Chips & Snacks,/p/21406942_EA
Spicy Dill Pickle flavour kettle cooked potato chips 200g,$4.99 ,$4.99 ,"200 g, $2.50/100g",Chips & Snacks,/p/21369419_EA
Pizza Flavour Potato Chips,$3.49 ,$3.49 ,"156 g, $2.24/100g",Chips & Snacks,/p/21003809_EA
Assorted Mini Puddings,$2.49 ,$2.99 ,"180 g, $1.38/100g",Chips & Snacks,/p/20431409_EA
Chocolate Hazelnut Spread,$3.79 ,$3.79 ,"400 g, $0.95/100g",Chips & Snacks,/p/20101584_EA
Shiitake Mushroom Crisps,$5.99 ,$5.99 ,"150 g, $3.99/100g",Chips & Snacks,/p/21446094_EA
Mixed Nuts with Macadamias,$4.99 ,$4.99 ,"226 g, $2.21/100g",Chips & Snacks,/p/20997840_EA
"Go Pure Fruit and Oat Bars, Cherry",$2.99 ,$3.29 ,"140 g, $2.14/100g",Chips & Snacks,/p/21221446_EA
Salty Peanuts,$1.79 ,$1.79 ,"150 g, $1.19/100g",Chips & Snacks,/p/21471573_EA
"Fruit Cups, Mandarin Club Pack (Case)",$18.99 ,$18.99 ,"20x112.5 ml, $0.84/100ml",Chips & Snacks,p/20796896_C01
"Snack Pack, Pudding, Vanilla",$2.29 ,$2.29 ,"4x99.0 g, $0.58/100g",Chips & Snacks,20310707004_EA
Arriba Nacho Cheese Flavour Tortilla Chips,$4.29 ,$4.29 ,"245 g, $1.75/100g",Chips & Snacks,/p/20987677_EA
Crunchy Potato Chips Spicy Dill Pickle Flavoured,$3.99 ,$3.99 ,"200 g, $2.00/100g",Chips & Snacks,/p/21406946_EA
Simply Blue Corn Tortilla Chips,$5.49 ,$5.49 ,"240 g, $2.29/100g",Chips & Snacks,/p/20991017_EA
Easy Rounders Tortillas Chips,$5.49 ,$5.49 ,"300 g, $1.83/100g",Chips & Snacks,/p/21533053_EA
Potato Chips Cheddar,$4.49 ,$4.49 ,"198 g, $2.27/100g",Chips & Snacks,/p/21520665_EA
Potato Chips Yogurt & Green Onion,$4.49 ,$4.49 ,"198 g, $2.27/100g",Chips & Snacks,/p/21520667_EA
Crispy Minis Everything Large Brown Rice Cakes,$2.79 ,$2.79 ,"168 g, $1.66/100g",Chips & Snacks,/p/21218261_EA
Pure Popped Perfection Popcorn Family Size,$8.99 ,$8.99 ,"227 g, $3.96/100g",Chips & Snacks,/p/21472426_EA
"Tortilla Chips, Nacho Cheese   ",$5.49 ,$5.49 ,"155 g, $3.54/100g",Chips & Snacks,/p/20987680_EA
Potato Chips Honey Dijon,$4.49 ,$4.49 ,"198 g, $2.27/100g",Chips & Snacks,/p/21520692_EA
White Cheddar Flavoured Popped-Corn Chips,$5.99 ,$5.99 ,"142 g, $4.22/100g",Chips & Snacks,/p/21370259_EA
Loads Of All Dressed Rippled Potato Chips,$8.99 ,$8.99 ,"750 g, $1.20/100g",Chips & Snacks,/p/21071643_EA
Crunchy Granola Bars Oats 'n' Honey,$11.99 ,$11.99 ,"1.28 kg, $0.94/100ml",Chips & Snacks,/p/21418557_EA
Bacon Jerky Hickory Smoked,$6.49 ,$6.49 ,"65 g, $9.98/100g",Chips & Snacks,/p/21071594_EA
Popcorn Seasoned Popcorn Cheddar Jalapeño Flavour,$3.99 ,$3.99 ,"180 g, $2.22/100g",Chips & Snacks,/p/21521969_EA
Muffin Apple Cinnamon,$3.79 ,$3.79 ,"175 g, $2.17/100g",Chips & Snacks,/p/21449896_EA
Honey Butter Chip Sweet Honey Flavour,$3.59 ,$3.59 ,"60 g, $5.98/100g",Chips & Snacks,/p/21365446_EA
Paw Patrol Special Edition Fruit Flavoured Snacks,$3.99 ,$3.99 ,"226 g, $1.77/100g",Chips & Snacks,20320975003_EA
"Fruitsations + Veggie Fruit Flavoured Snacks, Berry",$3.99 ,$3.99 ,"226 g, $1.77/100g",Chips & Snacks,20686716002_EA
Unsweetened Apple-Mango Apple Sauce,$2.79 ,$2.79 ,"6x100.0 ml, $0.47/100ml",Chips & Snacks,20309701005_EA
Hot Wasabi Peas,$4.49 ,$4.49 ,"140 g, $3.21/100g",Chips & Snacks,/p/20098611_EA
Trail Mix Bars- Fruit & Nut ,$11.99 ,$11.99 ,"980 g, $1.22/100g",Chips & Snacks,/p/21418520_EA
Turtle Chips Corn Chip Sweet Corn Flavor,$4.19 ,$4.19 ,"160 g, $2.62/100g",Chips & Snacks,/p/21454276_EA
"Beef Jerky, Sweet & Hot",$6.49 ,$6.49 ,"80 g, $8.11/100g",Chips & Snacks,20501983003_EA
Tangy All Dressed Flavoured Tortilla Chips,$4.29 ,$4.29 ,"210 g, $2.04/100g",Chips & Snacks,/p/21532747_EA
Nacho Grain Freetortilla,$6.99 ,$6.99 ,"142 g, $4.92/100g",Chips & Snacks,/p/21447188_EA
Honey Dijon Flavour Kettle Cooked Chips,$2.79 ,$2.79 ,"200 g, $1.40/100g",Chips & Snacks,/p/21430725_EA
Sweet & Hot Jumbo Beef Jerky,$14.99 ,$14.99 ,"230 g, $6.52/100g",Chips & Snacks,/p/21235491_EA
"Pickles, Polish Style",$6.49 ,$6.49 ,"2 l, $0.43/100ml",Chips & Snacks,/p/20040664_EA
Roasted Peanuts Classic Salted   ,$1.99 ,$1.99 ,"160 g, $1.24/100g",Chips & Snacks,/p/21155179_EA
"Go Pure Fruit and Oat Bars, Raspberry",$2.99 ,$3.29 ,"140 g, $2.14/100g",Chips & Snacks,/p/21221451_EA
Lightly Salted Bar-B-Q flavoured potato chips,$3.99 ,$3.99 ,"235 g, $1.70/100g",Chips & Snacks,/p/21237353_EA
"Prepared Broadbean, Hot",$2.39 ,$2.39 ,"170 g, $1.41/100g",Chips & Snacks,/p/20738486_EA
Crunchy Dipped Granola Squares Peanut Butter Chocolate,$3.79 ,$3.79 ,"132 g, $2.87/100g",Chips & Snacks,/p/21532759_EA
Bhel Puri Bombay Mix,$3.99 ,$3.99 ,"300 g, $1.33/100g",Chips & Snacks,20370751005_EA
"Kettle Cooked Potato Chips, All Dressed Up",$4.99 ,$4.99 ,"200 g, $2.50/100g",Chips & Snacks,/p/21525084_EA
Chocolate With Probiotics Organic Oat Clusters,$6.49 ,$6.49 ,"90 g, $7,211.11/100g",Chips & Snacks,/p/21417944_EA
"B-ready, Crunchy wafer filled with delicious Nutella, 6 bars per pack, ",$4.79 ,$4.79 ,"132 g, $3.63/100g",Chips & Snacks,/p/21457401_EA
Sweet & Salty Salted Caramel Chocolate Chewy Granola Bars Special Edition,$3.49 ,$3.49 ,"210 g, $1.66/100g",Chips & Snacks,/p/21213622_EA
Taco Shells Yellow Corn Organic,$3.99 ,$3.99 ,"130 g, $3.07/100g",Chips & Snacks,/p/21410537_EA
Go Pure Oatmeal Bars Brown Sugar & Maple,$2.99 ,$3.29 ,"5x175.0 g, $0.34/100g",Chips & Snacks,/p/21508111_EA
Chickpea Chips Honey Dijon,$5.99 ,$5.99 ,"128 g, $4.68/100g",Chips & Snacks,/p/21533779_EA
Crunchy Granola Bars Pecan Crunch,$3.99 ,$3.99 ,"210 g, $1.90/100g",Chips & Snacks,/p/21283178_EA
Chewy Smores Bar   ,$13.99 ,$13.99 ,"960 g, $1.46/100g",Chips & Snacks,/p/21359379_EA
Soft Baked Cereal Bars Strawberry 7 Grain 5 Bars,$4.29 ,$4.29 ,"175 g, $2.45/100g",Chips & Snacks,/p/21352943_EA
Dry Roasted Almonds with Sea Salt,$21.49 ,$21.49 ,"1 kg, $1.95/100g",Chips & Snacks,/p/20279864_EA
Sea Salt Tortilla,$6.99 ,$6.99 ,"142 g, $4.92/100g",Chips & Snacks,/p/21447174_EA
Fruit Snacks Mixed Fruit,$3.49 ,$3.49 ,"22 g, $15.86/100g",Chips & Snacks,/p/21384786_EA
100% Fruit Bar Pack,$10.99 ,$10.99 ,"12x37.0 g, $2.48/100g",Chips & Snacks,20305640001_EA
"Handcrafted-Style Chips, Avocado & Lime",$4.79 ,$4.79 ,"150 g, $3.19/100g",Chips & Snacks,/p/21085832_EA
Apple-Strawberry Apple Sauce,$2.79 ,$2.79 ,"6x100.0 ml, $0.47/100ml",Chips & Snacks,20309701003_EA
"Yogo Ice, Mixed Flavours",$1.89 ,$1.99 ,"450 ml, $0.42/100ml",Chips & Snacks,/p/20005916_EA
Potato Chips Fries and Gravy,$3.99 ,$3.99 ,"220 g, $1.81/100g",Chips & Snacks,/p/21501114_EA
Chewy Apple Bar   ,$2.29 ,$2.49 ,"120 g, $1.91/100g",Chips & Snacks,/p/21359382_EA
"Handcrafted-Style Chips, Variety Pack (18 Count)",$12.49 ,$12.49 ,"414 g, $3.02/100g",Chips & Snacks,/p/21046940_EA
"Almonds, Smokehouse",$5.99 ,$5.99 ,"170 g, $3.52/100g",Chips & Snacks,20500386004_EA
Ding Dong Mixed Nuts,$0.99 ,$1.29 ,"100 g, $0.99/100g",Chips & Snacks,/p/20434177_EA
Cream & Onion Chips,$3.99 ,$3.99 ,"235 g, $1.70/100g",Chips & Snacks,/p/21367547_EA
Corn Twists Snacks,$2.25 ,$2.25 ,"150 g, $1.50/100g",Chips & Snacks,/p/21506459_EA
Leaves Ketchup Cheese Flavoured Snacks,$3.99 ,$3.99 ,"170 g, $2.35/100g",Chips & Snacks,/p/21293650_EA
Pretzel Twists,$2.49 ,$2.49 ,"200 g, $1.25/100g",Chips & Snacks,/p/20188557_EA
World of Flavours Taco Flavour Rippled Potato Chips,$2.79 ,$2.79 ,"200 g, $1.40/100g",Chips & Snacks,/p/21387574_EA
Premium Quality Roasted Peanut in Shell,$4.99 ,$4.99 ,"908 g, $0.55/100g",Chips & Snacks,/p/21003534_EA
Guava Paste,$2.99 ,$2.99 ,"400 g, $0.75/100g",Chips & Snacks,/p/20213757_EA
"Beef Jerky, Teriyaki",$9.99 ,$9.99 ,"125 g, $7.99/100g",Chips & Snacks,20315224001_EA
Fancy Nut Mix Sea Salt,$17.99 ,$17.99 ,"908 g, $1.98/100g",Chips & Snacks,/p/21207131_EA
"Fruit Sauce, Variety Pack",$16.99 ,$16.99 ,"1.8 kg, $0.94/100g",Chips & Snacks,/p/21547719_EA
"Handcrafted Style Chips, Rock Salt and Vinegar",$9.99 ,$9.99 ,"625 g, $1.60/100g",Chips & Snacks,/p/21164528_EA
Microwave Kettle Corn,$5.99 ,$5.99 ,"99 g, $1.01/100g",Chips & Snacks,/p/20163140_EA
Celebration Trail Mix,$12.49 ,$12.49 ,"1 kg, $1.25/100g",Chips & Snacks,/p/20338236_EA
"Fruit Bowls, Mandarin Oranges in Water",$3.69 ,$3.69 ,"4x107.0 ml, $0.86/100ml",Chips & Snacks,20318455008_EA
Krinkle Cut Potato Chips Habanero Lime,$4.49 ,$4.49 ,"198 g, $2.27/100g",Chips & Snacks,/p/21520691_EA
Nacho Cheese Flavoured Tortilla Chips Halloween Pack 40 CT,$11.49 ,$11.49 ,"640 g, $1.80/100g",Chips & Snacks,/p/21457064_EA
Unsalted Natural Walnuts,$7.29 ,$7.29 ,"200 g, $3.65/100g",Chips & Snacks,/p/20512657_EA
Mega Can Original Flavour,$3.99 ,$3.99 ,"194 g, $2.06/100g",Chips & Snacks,/p/21074284_EA
Dutch Crunch Corn Snack Nacho Cheese Flavoured,$3.99 ,$3.99 ,"290 g, $1.38/100g",Chips & Snacks,20861713001_EA
Sunflower Seeds Caramel Flavour,$2.88 ,$2.88 ,"260 g, $1.11/100g",Chips & Snacks,/p/21378931_EA
Wavy Original Potato Chips Halloween Pack 40 CT,$11.49 ,$11.49 ,"640 g, $1.80/100g",Chips & Snacks,/p/21457083_EA
Tropical Fruits Squeeze Fruit Snacks,$2.79 ,$2.79 ,"4x90.0 g, $0.78/100g",Chips & Snacks,/p/20939685_EA
Fruit & Oat Bars Strawberry,$2.99 ,$3.29 ,"140 g, $2.14/100g",Chips & Snacks,/p/21221434_EA
Big Roll Snack,$4.99 ,$4.99 ,"27 g, $18.48/100g",Chips & Snacks,/p/21283628_EA
Cheese Flavoured Twists,$2.49 ,$2.49 ,"200 g, $1.25/100g",Chips & Snacks,/p/20322677_EA
Vanilla Pudding Cups 4 Pack,$1.49 ,$1.49 ,"4x99.0 g, $0.38/100g",Chips & Snacks,20297693004_EA
Favourites 280,$6.99 ,$6.99 ,"280 g, $2.50/100g",Chips & Snacks,/p/21365950_EA
Chewy Granola Cereal Or Fruit Bars Strawberry Fruit Crumble,$2.29 ,$2.49 ,"120 g, $1.91/100g",Chips & Snacks,/p/21430773_EA
Flamin' Hot Nacho flavoured tortilla chips,$4.29 ,$4.29 ,"210 g, $2.04/100g",Chips & Snacks,/p/21369097_EA
Brownie      ,$3.99 ,$3.99 ,"150 g, $2.66/100g",Chips & Snacks,/p/21344017_EA
Soya Sticks,$1.79 ,$1.79 ,"150 g, $1.19/100g",Chips & Snacks,/p/21471288_EA
Fruit To Go Fun Flavours 100% Fruit Snack,$5.99 ,$8.29 ,"210 g, $2.85/100g",Chips & Snacks,/p/21510880_EA
Fruit To Go Apple Raspberry 100% Fruit Snack,$0.49 ,$0.49 ,"14 g, $3.50/100g",Chips & Snacks,20072043002_EA
"Brownies, Chocolatey Fudge",$3.49 ,$3.49 ,"125 g, $2.79/100g",Chips & Snacks,20587504001_EA
"Tortilla Chips, Thin & Crispy, Twist of Lime",$4.49 ,$4.49 ,"300 g, $1.50/100g",Chips & Snacks,/p/20978995_EA
Dipped Clusters Clusters Dark Chocolate Nuts & Berries,$5.99 ,$5.99 ,"113 g, $5.30/100g",Chips & Snacks,/p/21453325_EA
Turkey Snacksticks Sausage Snacks,$9.99 ,$9.99 ,"1 ea, $9.99/1ea",Chips & Snacks,/p/21361121_EA
Go Pure Oatmeal Bars Banana Bread Chocolate Chip,$2.99 ,$3.29 ,"175 g, $1.71/100g",Chips & Snacks,/p/21507858_EA
Salted Blanched Peanuts,$4.39 ,$4.39 ,"500 g, $0.88/100g",Chips & Snacks,20318062001_EA
Traditional Smoked Pork Rinds (small bag) 70g,$2.79 ,$2.79 ,"70 g, $3.99/100g",Chips & Snacks,/p/20961977_EA
Fruit Gushers Gushin' Grape & Tropical Flavours,$3.99 ,$3.99 ,"138 g, $2.89/100g",Chips & Snacks,20639204002_EA
Sea Salt Purple Kernel Popcorn,$3.99 ,$3.99 ,"220 g, $1.81/100g",Chips & Snacks,/p/21287661_EA
Nügabar Coated Nougat Bars Cookies & Creme,$2.99 ,$2.99 ,"175 g, $1.71/100g",Chips & Snacks,/p/21536598_EA
Arriba Chips Tortilla Zesty Taco Flavour,$4.29 ,$4.29 ,"245 g, $1.75/100g",Chips & Snacks,/p/20987676_EA
"Nutri-Grain Cereal Bars, Blueberry 8 Bars",$2.99 ,$3.49 ,"295 g, $1.01/100g",Chips & Snacks,20313984004_EA
Mini Dipped & Chewy Chocolate Chip Granola Bars,$12.99 ,$12.99 ,"745 g, $1.74/100g",Chips & Snacks,/p/20038723_EA
Treats Cereal Bars Peanut Butter,$3.79 ,$3.79 ,"110 g, $3.45/100g",Chips & Snacks,/p/21488186_EA
Peanut Free Strawberry Cereal Bars,$3.49 ,$3.49 ,"300 g, $1.16/100g",Chips & Snacks,20296687001_EA
Indian Snacks Khatta Meetha Sour & Sweet Mix,$1.79 ,$1.79 ,"150 g, $1.19/100g",Chips & Snacks,/p/20309425_EA
Cornflakes Chivda,$1.79 ,$1.79 ,"150 g, $1.19/100g",Chips & Snacks,20314667004_EA
Snacks Boondi,$2.99 ,$2.99 ,"341 g, $0.88/100g",Chips & Snacks,20322576003_EA
Cuttlefish Snack,$1.29 ,$1.37 ,"55 g, $2.35/100g",Chips & Snacks,/p/21185560_EA
Barbecue Ripple Cut Potato Chips ,$4.99 ,$4.99 ,"750 g, $0.67/100g",Chips & Snacks,20622128001_EA
Almond & Coconut Protein Granola Bars,$3.99 ,$3.99 ,"148 g, $2.70/100g",Chips & Snacks,/p/20965547_EA
Kettle Style Blue Corn Tortilla Chips Seasoned with Sea Salt,$5.29 ,$5.29 ,"368 g, $1.44/100g",Chips & Snacks,/p/21003407_EA
Indian Snacks Chutney Chataka Namkeen,$1.79 ,$1.79 ,"115 g, $1.56/100g",Chips & Snacks,/p/21286173_EA
Fruitsations Pomegranate Flavoured Apple Fruit Snack Unsweetened,$3.29 ,$3.29 ,"6x111.0 g, $0.49/100g",Chips & Snacks,20324241010_EA
Indian Snacks Corn Flakes Mixture,$3.99 ,$3.99 ,"350 g, $1.14/100g",Chips & Snacks,20370751006_EA
"Fruit Sauce, Variety Pack",$16.99 ,$16.99 ,"1.8 kg, $0.94/100g",Chips & Snacks,/p/21547671_EA
Unsweetened Apple Carrot Peach Apple Fruit Blend,$2.49 ,$2.49 ,"6x100.0 ml, $0.42/100ml",Chips & Snacks,/p/21383882_EA
"Popcorn, Buttery",$8.99 ,$8.99 ,"10x82.0 g, $1.10/100g",Chips & Snacks,20629531001_EA
Lay’s Mix 504g,$9.99 ,$9.99 ,"504 g, $1.98/100g",Chips & Snacks,/p/21367026_EA
Plain Chips,$3.99 ,$3.99 ,"235 g, $1.70/100g",Chips & Snacks,/p/21367546_EA
Dipps Granola Bars – Caramel Nut,$2.29 ,$2.49 ,"156 g, $1.47/100g",Chips & Snacks,/p/20846886_EA
Microwave Butter Flavour Popcorn,$3.49 ,$3.49 ,"493 g, $0.71/100g",Chips & Snacks,/p/21291286_EA
Biscuits with Peanut Butter,$3.49 ,$3.49 ,"190 g, $1.84/100g",Chips & Snacks,/p/20965644_EA
Sweet & Salty Roasted Mixed Nut Chewy Granola Bars,$3.49 ,$3.49 ,"210 g, $1.66/100g",Chips & Snacks,/p/21213570_EA
Fruitsations Unsweetened Blueberry Delight,$3.29 ,$3.29 ,"6x111.0 g, $0.49/100g",Chips & Snacks,20324241007_EA
Dry Roasted Peanuts Delicately Seasoned,$6.49 ,$6.49 ,"300 g, $2.16/100g",Chips & Snacks,/p/20604421_EA
Diced Pears,$2.49 ,$2.49 ,"428 g, $0.58/100g",Chips & Snacks,/p/21385281_EA
White Cheddar Chips,$3.99 ,$3.99 ,"220 g, $1.81/100g",Chips & Snacks,/p/21298564_EA
Brownie Smores Granola Bars,$3.99 ,$3.99 ,"150 g, $2.66/100g",Chips & Snacks,/p/21371269_EA
Dunkaroos Chocolate,$3.79 ,$3.79 ,"168 g, $2.26/100g",Chips & Snacks,/p/21449885_EA
Chewy Chocolate Chip Bar  ,$13.99 ,$13.99 ,"960 g, $1.46/100g",Chips & Snacks,/p/21359408_EA
Mandarins In Orange Gel,$3.69 ,$3.69 ,"492 g, $0.75/100g",Chips & Snacks,/p/21404783_EA
Sweet And Salty Minis Dark Chocolate Nut Granola Bars (20 Minis),$6.99 ,$6.99 ,"425 g, $1.64/100g",Chips & Snacks,/p/21371240_EA
Multigrain Scoops! tortilla chips 205g,$4.49 ,$4.49 ,"205 g, $2.19/100g",Chips & Snacks,/p/21050571_EA
Restaurante Premium Tortilla Chips Red & White with Sea Salt ,$4.49 ,$4.49 ,"275 g, $1.63/100g",Chips & Snacks,/p/21367510_EA
Indian Snacks Nimbu Masala,$1.79 ,$1.79 ,"150 g, $1.19/100g",Chips & Snacks,20314667009_EA
Poppables Sour Cream & Chive Flavoured Potato Snacks,$3.99 ,$3.99 ,"130 g, $3.07/100g",Chips & Snacks,/p/21369421_EA
Bar-B-Q Flavoured Potato Chips,$4.49 ,$4.49 ,"200 g, $2.25/100g",Chips & Snacks,/p/21240589_EA
Seasoned and Roasted Seaweed,$11.49 ,$11.49 ,"120 g, $9.58/100g",Chips & Snacks,/p/20699445_EA
Applewood Smoked BBQ flavour kettle cooked potato chips 200g,$4.99 ,$4.99 ,"200 g, $2.50/100g",Chips & Snacks,/p/21240702_EA
Tortilla Chips Nacho Cheese Flavour Club Size,$8.49 ,$8.49 ,"908 g, $0.94/100g",Chips & Snacks,/p/20987276_EA
Dunkaroos Vanilla Cookies with Rainbow Sprinkles Frosting,$1.79 ,$1.79 ,"42 g, $4.26/100g",Chips & Snacks,/p/21422827_EA
White Cheddar flavour seasoned popcorn 305g,$5.99 ,$5.99 ,"305 g, $1.96/100g",Chips & Snacks,/p/21370291_EA
"Crunchy Granola Bars, Oats 'N' Honey",$3.99 ,$3.99 ,"230 g, $1.73/100g",Chips & Snacks,20315520002_EA
"Crunchy Granola Bars, Oats 'N' Honey",$3.99 ,$3.99 ,"230 g, $1.73/100g",Chips & Snacks,20315520002_EA
Sweet Chili Heat Chips,$3.99 ,$3.99 ,"220 g, $1.81/100g",Chips & Snacks,/p/21298526_EA
Bar-B-Q Flavoured Potato Chips,$4.49 ,$4.49 ,"200 g, $2.25/100g",Chips & Snacks,/p/21240589_EA
Seasoned and Roasted Seaweed,$11.49 ,$11.49 ,"120 g, $9.58/100g",Chips & Snacks,/p/20699445_EA
Applewood Smoked BBQ flavour kettle cooked potato chips 200g,$4.99 ,$4.99 ,"200 g, $2.50/100g",Chips & Snacks,/p/21240702_EA
Dutch Crunch Jalapeno & Cheddar Chips,$7.49 ,$7.49 ,"525 g, $1.43/100g",Chips & Snacks,20298233003_EA
Special K Nourish Cranberries & Almonds Bar,$4.29 ,$4.29 ,"165 g, $2.60/100g",Chips & Snacks,/p/21010324_EA
"Chocolate Peanut Butter Whole Grain Bar, 5 Bars",$4.29 ,$4.29 ,"175 g, $2.45/100g",Chips & Snacks,/p/21220914_EA
"Tortilla Chips, Thin & Crispy, Twist of Lime",$4.49 ,$4.49 ,"300 g, $1.50/100g",Chips & Snacks,/p/20978995_EA
Dipped Clusters Clusters Dark Chocolate Nuts & Berries,$5.99 ,$5.99 ,"113 g, $5.30/100g",Chips & Snacks,/p/21453325_EA
Turkey Snacksticks Sausage Snacks,$9.99 ,$9.99 ,"1 ea, $9.99/1ea",Chips & Snacks,/p/21361121_EA
Go Pure Oatmeal Bars Banana Bread Chocolate Chip,$2.99 ,$3.29 ,"175 g, $1.71/100g",Chips & Snacks,/p/21507858_EA
Salted Blanched Peanuts,$4.39 ,$4.39 ,"500 g, $0.88/100g",Chips & Snacks,20318062001_EA
Traditional Smoked Pork Rinds (small bag) 70g,$2.79 ,$2.79 ,"70 g, $3.99/100g",Chips & Snacks,/p/20961977_EA
Fruit Gushers Gushin' Grape & Tropical Flavours,$3.99 ,$3.99 ,"138 g, $2.89/100g",Chips & Snacks,20639204002_EA
Sea Salt Purple Kernel Popcorn,$3.99 ,$3.99 ,"220 g, $1.81/100g",Chips & Snacks,/p/21287661_EA
Nügabar Coated Nougat Bars Cookies & Creme,$2.99 ,$2.99 ,"175 g, $1.71/100g",Chips & Snacks,/p/21536598_EA
Arriba Chips Tortilla Zesty Taco Flavour,$4.29 ,$4.29 ,"245 g, $1.75/100g",Chips & Snacks,/p/20987676_EA
"Nutri-Grain Cereal Bars, Blueberry 8 Bars",$2.99 ,$3.49 ,"295 g, $1.01/100g",Chips & Snacks,20313984004_EA
Mini Dipped & Chewy Chocolate Chip Granola Bars,$12.99 ,$12.99 ,"745 g, $1.74/100g",Chips & Snacks,/p/20038723_EA
Treats Cereal Bars Peanut Butter,$3.79 ,$3.79 ,"110 g, $3.45/100g",Chips & Snacks,/p/21488186_EA
Peanut Free Strawberry Cereal Bars,$3.49 ,$3.49 ,"300 g, $1.16/100g",Chips & Snacks,20296687001_EA
Cuttlefish Snack,$1.29 ,$1.37 ,"55 g, $2.35/100g",Chips & Snacks,/p/21185560_EA
Barbecue Ripple Cut Potato Chips ,$4.99 ,$4.99 ,"750 g, $0.67/100g",Chips & Snacks,20622128001_EA
Almond & Coconut Protein Granola Bars,$3.99 ,$3.99 ,"148 g, $2.70/100g",Chips & Snacks,/p/20965547_EA
Kettle Style Blue Corn Tortilla Chips Seasoned with Sea Salt,$5.29 ,$5.29 ,"368 g, $1.44/100g",Chips & Snacks,/p/21003407_EA
Indian Snacks Chutney Chataka Namkeen,$1.79 ,$1.79 ,"115 g, $1.56/100g",Chips & Snacks,/p/21286173_EA
Fruitsations Pomegranate Flavoured Apple Fruit Snack Unsweetened,$3.29 ,$3.29 ,"6x111.0 g, $0.49/100g",Chips & Snacks,20324241010_EA
Variety Packs Mega Fun Mix,$18.99 ,$18.99 ,"1176 g, $1.61/100g",Chips & Snacks,/p/21525057_EA
Mixed Fruit In Cherry Flavoured Gel,$3.69 ,$3.69 ,"492 g, $0.75/100g",Chips & Snacks,/p/21404786_EA
"Sunflower Seeds, Chinese Pecan Flavour",$2.88 ,$2.88 ,"260 g, $1.11/100g",Chips & Snacks,/p/21378929_EA
"Special K Fruit Crisps, Blueberry Flavour 10 Bars",$3.49 ,$3.49 ,"125 g, $2.79/100g",Chips & Snacks,/p/21008294_EA
"Handcrafted-Style Chips, Sweet Ghost Pepper",$4.79 ,$4.79 ,"128 g, $3.74/100g",Chips & Snacks,/p/21157585_EA
Indian Sweets Gulab Jamun,$7.49 ,$7.49 ,"1 kg, $0.75/100g",Chips & Snacks,/p/20018085_EA
Simply Yellow Corn Tortilla Chips 240g,$5.49 ,$5.49 ,"240 g, $2.29/100g",Chips & Snacks,/p/20990644_EA
Rasgulla,$7.49 ,$7.49 ,"1 kg, $0.75/100g",Chips & Snacks,/p/20037017_EA
Potato Chips Backyard Barbeque,$4.49 ,$4.49 ,"198 g, $2.27/100g",Chips & Snacks,/p/21520658_EA
"Almonds, Roasted & Salted",$6.49 ,$6.49 ,"200 g, $3.25/100g",Chips & Snacks,/p/21021616_EA
Berry Burst With Probiotics Organic  Oat Clusters,$6.49 ,$6.49 ,"90 g, $7.21/100g",Chips & Snacks,/p/21417936_EA
Loads Of Ketchup Rippled Potato Chips,$2.79 ,$2.79 ,"200 g, $1.40/100g",Chips & Snacks,20840911001_EA
Cashews Everything Seasoned,$9.99 ,$9.99 ,"200 g, $5.00/100g",Chips & Snacks,/p/21473082_EA
Sweet Plantain Chips,$0.99 ,$1.19 ,"85 g, $1.16/100g",Chips & Snacks,20602609002_EA
Magic Masala ridged flavoured potato chips,$3.99 ,$3.99 ,"165 g, $2.42/100g",Chips & Snacks,/p/21365049_EA
Puffs Peanut Butter & Cocoa Flavour Cereal Bars,$3.99 ,$3.99 ,"120 g, $3.33/100g",Chips & Snacks,/p/21184633_EA
"Almonds, Natural",$6.49 ,$6.49 ,"200 g, $3.25/100g",Chips & Snacks,/p/21021610_EA
Nacho Chips     ,$5.99 ,$5.99 ,"370 g, $1.62/100g",Chips & Snacks,/p/21370250_EA
Crunchy Dipped Granola Squares Chocolatey Oats,$3.79 ,$3.79 ,"132 g, $2.87/100g",Chips & Snacks,/p/21538515_EA
Loads Of Ketchup Rippled Potato Chips,$8.99 ,$8.99 ,"750 g, $1.20/100g",Chips & Snacks,/p/21071644_EA
Sweet & Salty Peanut Chewy Granola Bars,$3.49 ,$3.49 ,"210 g, $1.66/100g",Chips & Snacks,/p/21213585_EA
Mixed Nuts with Pistachios,$4.99 ,$4.99 ,"226 g, $2.21/100g",Chips & Snacks,/p/20997863_EA
Shrimp Cracker,$1.29 ,$1.37 ,"75 g, $1.72/100g",Chips & Snacks,/p/21188657_EA
Honey Roasted Peanuts,$6.49 ,$6.49 ,"700 g, $0.93/100g",Chips & Snacks,20057990003_EA
Pickled Cucumber Salad,$4.79 ,$4.79 ,"750 ml, $0.64/100ml",Chips & Snacks,20007392002_EA
Starburst,$3.99 ,$3.99 ,"128 g, $3.12/100g",Chips & Snacks,/p/21344013_EA
Cashews Everything Seasoned,$9.99 ,$9.99 ,"200 g, $5.00/100g",Chips & Snacks,/p/21473082_EA
Sweet Plantain Chips,$0.99 ,$1.19 ,"85 g, $1.16/100g",Chips & Snacks,20602609002_EA
Magic Masala ridged flavoured potato chips,$3.99 ,$3.99 ,"165 g, $2.42/100g",Chips & Snacks,/p/21365049_EA
"Raisins, Mini Packs",$3.99 ,$3.99 ,"196 g, $2.04/100g",Chips & Snacks,/p/20617713_EA
Seasoned Dry Roasted Peanuts,$4.79 ,$4.79 ,"650 g, $0.74/100g",Chips & Snacks,/p/21191816_EA
Poppables White Cheddar flavoured potato snacks,$3.99 ,$3.99 ,"130 g, $3.07/100g",Chips & Snacks,/p/21240848_EA
Virginia Variety Party Peanuts With Sea Salt,$2.99 ,$2.99 ,"200 g, $1.50/100g",Chips & Snacks,/p/21054953_EA
Reese Midsize,$6.99 ,$6.99 ,"384 g, $1.82/100g",Chips & Snacks,/p/21344016_EA
Jalapeno Flavour Kettle Cooked Chips,$2.79 ,$2.79 ,"200 g, $1.40/100g",Chips & Snacks,/p/21425141_EA
"Yogurt Raisins, Vanilla",$4.29 ,$4.29 ,"140 g, $3.06/100g",Chips & Snacks,/p/20548848_EA
Mega Can BBQ Flavour,$3.99 ,$3.99 ,"202 g, $1.97/100g",Chips & Snacks,/p/21074305_EA
Rich and Chewy Chocolate Chip Granola Bars Club Size,$12.99 ,$12.99 ,"1344 g, $0.97/100g",Chips & Snacks,/p/21539157_EA
"Cashews, Salted",$19.99 ,$19.99 ,"908 g, $2.20/100g",Chips & Snacks,20314862002_EA
Puffs Peanut Butter & Cocoa Flavour Cereal Bars,$3.99 ,$3.99 ,"120 g, $3.33/100g",Chips & Snacks,/p/21184633_EA
"Almonds, Natural",$6.49 ,$6.49 ,"200 g, $3.25/100g",Chips & Snacks,/p/21021610_EA
Nacho Chips     ,$5.99 ,$5.99 ,"370 g, $1.62/100g",Chips & Snacks,/p/21370250_EA
Crunchy Dipped Granola Squares Chocolatey Oats,$3.79 ,$3.79 ,"132 g, $2.87/100g",Chips & Snacks,/p/21538515_EA
Loads Of Ketchup Rippled Potato Chips,$8.99 ,$8.99 ,"750 g, $1.20/100g",Chips & Snacks,/p/21071644_EA
Garden Salted Peanuts,$4.99 ,$4.99 ,"500 g, $1.00/100g",Chips & Snacks,/p/20712337_EA
Apple Peach Squeeze Fruit Snacks,$2.79 ,$2.79 ,"90 g, $3.10/100g",Chips & Snacks,/p/21381517_EA
Unsweetened Apple Blueberry Apple Sauce,$2.79 ,$2.79 ,"6x100.0 ml, $0.47/100ml",Chips & Snacks,20301095002_EA
Raisins Almonds Cashews Cranberries Trail Mix,$13.99 ,$13.99 ,"700 g, $2.00/100g",Chips & Snacks,/p/20248814_EA
Original 6 Pack,$5.00 ,$5.00 ,"144 g, $3.47/100g",Chips & Snacks,/p/21361488_EA
Wasabi Cajun Bar Mix,$12.99 ,$12.99 ,"6x1.077 kg, $0.20/100g",Chips & Snacks,/p/21076466_EA
"Chewy Trail Mix Granola Bars, Mixed Berry",$3.99 ,$3.99 ,"175 g, $2.28/100g",Chips & Snacks,20315520012_EA
Cucumber Flavoured Potato Chips,$3.99 ,$3.99 ,"165 g, $2.42/100g",Chips & Snacks,/p/21434283_EA
Dipped & Chewy S'mores Granola Bars ,$2.79 ,$2.79 ,"156 g, $1.79/100g",Chips & Snacks,/p/20912713_EA
Chewy Granola Bars - S'mores,$2.29 ,$2.49 ,"120 g, $1.91/100g",Chips & Snacks,/p/21359369_EA
Lucky Charms Cereal Bar Treats,$3.99 ,$3.99 ,"120 g, $3.33/100g",Chips & Snacks,/p/20887511_EA
"Popcorn Bowl, Smart Pop!",$5.99 ,$5.99 ,"6x70.0 g, $1.43/100g",Chips & Snacks,/p/20630859_EA
Spicy Masala Peanuts,$1.79 ,$1.79 ,"150 g, $1.19/100g",Chips & Snacks,/p/21471409_EA
Chewy Fruity Fun Value Pack,$13.99 ,$13.99 ,"960 g, $1.46/100g",Chips & Snacks,/p/21515953_EA
Flavour Mix 484g,$9.99 ,$9.99 ,"484 g, $2.06/100g",Chips & Snacks,/p/21367385_EA
Dipped Clusters Clusters Dark Chocolate Vanilla Cashew,$5.99 ,$5.99 ,"113 g, $5.30/100g",Chips & Snacks,/p/21453322_EA
Chocolate Fudge Pudding Cups 4 Pack ,$1.49 ,$1.49 ,"4x99.0 g, $0.38/100g",Chips & Snacks,20297693002_EA
"Beef Jerky, Original",$9.99 ,$9.99 ,"125 g, $7.99/100g",Chips & Snacks,20315224002_EA
Fruit Bowls Mandarins,$3.69 ,$3.69 ,"4x107.0 ml, $0.86/100ml",Chips & Snacks,20318455007_EA
Tortilla Chips Blue Corn,$4.49 ,$4.49 ,"350 g, $1.28/100g",Chips & Snacks,/p/21031315_EA
Salted Egg Potato Chips ,$9.99 ,$11.99 ,"105 g, $9.51/100g",Chips & Snacks,/p/21377226_EA
Shrimp Chips,$1.29 ,$1.37 ,"45 g, $2.87/100g",Chips & Snacks,/p/20138370_EA
Crunchy Cheddar Jalapeño Flavour Cheese Flavoured Snacks,$3.99 ,$3.99 ,"285 g, $1.40/100g",Chips & Snacks,/p/21370206_EA
Tapioca Pudding Tubs,$4.49 ,$4.49 ,"624 g, $0.72/100g",Chips & Snacks,20323829002_EA
Big Roll Grilled Seaweed Roll Spicy Flavour,$4.99 ,$4.99 ,"27 g, $18.48/100g",Chips & Snacks,/p/21283643_EA
Fruit Salad in Light Syrup,$2.49 ,$2.49 ,"4x107.0 ml, $0.58/100ml",Chips & Snacks,20326314002_EA
Sweet & Salty Dark Chocolate Nut Chewy Granola Bars,$3.49 ,$3.49 ,"210 g, $1.66/100g",Chips & Snacks,/p/21213559_EA
"Go Pure Fruit & Oat Bars, Wild Blueberry",$2.99 ,$3.29 ,"140 g, $2.14/100g",Chips & Snacks,/p/21430787_EA
Premium Tortilla Chips Original With Sea Salt,$4.49 ,$4.49 ,"275 g, $1.63/100g",Chips & Snacks,/p/21367507_EA
Green Whole Olives,$2.69 ,$2.69 ,"210 g, $1.28/100g",Chips & Snacks,/p/20699962_EA
Dipped & Chewy Chocolate Chip & Marshmallow Granola Bars,$2.79 ,$2.79 ,"156 g, $1.79/100g",Chips & Snacks,/p/20913520_EA
Oatmeal Nut Butter Bar Cranberry,$3.79 ,$3.79 ,"190 g, $1.99/100g",Chips & Snacks,/p/21207158_EA
"Squeeze, Apple Strawberry",$3.99 ,$3.99 ,"4x90.0 g, $1.11/100g",Chips & Snacks,20322697001_EA
"Pretzel Pieces, Honey Mustard & Onion",$3.79 ,$3.79 ,"240 g, $1.58/100g",Chips & Snacks,20316052004_EA
"Dutch Crunch Kettle Chips, Sea Salt & Malt Vinegar",$3.99 ,$3.99 ,"200 g, $2.00/100g",Chips & Snacks,20503479004_EA
Double Crunch Ketchup Flavoured Potato Chips,$4.49 ,$4.49 ,"180 g, $2.49/100g",Chips & Snacks,/p/21360125_EA
Indian Snacks Navratan Mix,$1.79 ,$1.79 ,"150 g, $1.19/100g",Chips & Snacks,/p/20303453_EA
Apple Banana Squeeze Fruit Snacks,$2.79 ,$2.79 ,"90 g, $3.10/100g",Chips & Snacks,/p/21381516_EA
"Granola Bar, Apple Fritter",$2.49 ,$2.49 ,5 ea,Chips & Snacks,/p/21217888_EA
Mixed Berry Cereal Bars,$3.49 ,$3.49 ,"300 g, $1.16/100g",Chips & Snacks,/p/20944053_EA
"Go Pure Soft Baked Oatmeal Bars, Brownies 5 Bars",$2.99 ,$3.29 ,"175 g, $1.71/100g",Chips & Snacks,/p/21430794_EA
Barbecue Blanched Peanuts,$4.39 ,$4.39 ,"500 g, $0.88/100g",Chips & Snacks,20318062002_EA
Korean Roasted Seaweed Laver,$6.99 ,$6.99 ,"60 g, $11.65/100g",Chips & Snacks,/p/20805038_EA
Pretzel sticks,$2.49 ,$2.49 ,"200 g, $1.25/100g",Chips & Snacks,/p/20315215_EA
Sea Salt & Malt Vinegar flavour kettle cooked potato chips 275g,$5.99 ,$5.99 ,"275 g, $2.18/100g",Chips & Snacks,/p/21240678_EA
Unsalted Natural Almonds,$7.29 ,$7.29 ,"275 g, $2.65/100g",Chips & Snacks,/p/20512658_EA
Everything Trail Mix,$6.49 ,$6.49 ,"300 g, $2.16/100g",Chips & Snacks,/p/20869197_EA
"Almonds, Smokehouse ",$13.99 ,$13.99 ,"18x23.0 g, $3.38/100g",Chips & Snacks,p/20720554_C18
Fruit By The Foot Strawberry and Berry Tie Dye Family Pack ,$6.99 ,$6.99 ,"340 g, $2.06/100g",Chips & Snacks,/p/21283205_EA
Original Party Mix Club Size,$8.49 ,$8.49 ,"908 g, $0.94/100g",Chips & Snacks,/p/20009793_EA
Tortillas Fiesta,$3.99 ,$4.49 ,"300 g, $1.33/100g",Chips & Snacks,/p/21302297_EA
Snack Mix Party Mix Original,$8.49 ,$8.49 ,"640 g, $1.33/100g",Chips & Snacks,/p/20860006_EA
Sweet Chili,$8.49 ,$8.49 ,"454 g, $1.87/100g",Chips & Snacks,/p/20039840_EA
Fruitsource Apple Blueberry Pomegranate 100% Fruit Bar,$1.29 ,$1.29 ,"37 g, $3.49/100g",Chips & Snacks,20107079002_EA
"Microwave Popcorn, Buttery",$15.99 ,$15.99 ,"24x99.0 g, $0.67/100g",Chips & Snacks,/p/20034209_EA
Fried Seasoned Anchovy with Sesame,$3.49 ,$5.99 ,"200 g, $1.75/100g",Chips & Snacks,/p/21334299_EA
Ketchup Chips,$3.99 ,$3.99 ,"235 g, $1.70/100g",Chips & Snacks,/p/21367540_EA
Creamy Dill Organic,$4.49 ,$4.49 ,"135 g, $3.33/100g",Chips & Snacks,/p/21524236_EA
Pretzel Sticks Dill Pickle,$5.49 ,$5.49 ,"212 g, $2.59/100g",Chips & Snacks,/p/21398999_EA
Hint of Spicy Queso flavour tortilla chips 275g,$4.49 ,$4.49 ,"275 g, $1.63/100g",Chips & Snacks,/p/21241046_EA
"Chewy Harvest Granola Bars, Yogourt - 3 Flavour 30 bar - Variety pack",$13.99 ,$13.99 ,"1.05 kg, $1.33/100g",Chips & Snacks,/p/20077917_EA
Cheddar & Sour Cream Flavour Potato Chips,$3.49 ,$3.49 ,"156 g, $2.24/100g",Chips & Snacks,/p/21422908_EA
Indian Sweets Soan Papdi,$3.49 ,$3.49 ,"250 g, $1.40/100g",Chips & Snacks,/p/20142189_EA
Forest Honey,$10.99 ,$10.99 ,"375 g, $2.93/100g",Chips & Snacks,/p/20860165_EA
All In One Snack Mix,$1.79 ,$1.79 ,"160 g, $1.12/100g",Chips & Snacks,20314667005_EA
"Indian Snacks, Bombay Mix",$2.99 ,$2.99 ,"341 g, $0.88/100g",Chips & Snacks,20313591003_EA
Boondi,$3.99 ,$3.99 ,"350 g, $1.14/100g",Chips & Snacks,/p/20379639_EA
Scoops! tortilla chips 320g,$5.99 ,$5.99 ,"320 g, $1.87/100g",Chips & Snacks,/p/21370277_EA
Butter Flavour Purple Kernel Microwave Popcorn,$4.49 ,$4.49 ,"493 g, $0.91/100g",Chips & Snacks,/p/21291275_EA
Microwave Butter Flavour Popcorn,$10.99 ,$10.99 ,"1980 g, $0.56/100g",Chips & Snacks,/p/21291287_EA
"Tortillas, Day of Dead",$4.49 ,$4.49 ,"286 g, $1.57/100g",Chips & Snacks,/p/21197703_EA
Bold BBQ Flavoured Tortilla Chips,$4.29 ,$4.29 ,"235 g, $1.83/100g",Chips & Snacks,/p/21369086_EA
Cheese Flavoured Crunchy Snacks,$2.49 ,$2.49 ,"200 g, $1.25/100g",Chips & Snacks,/p/20962493_EA
Peanuts Dry Roasted & Lightly Seasoned,$6.49 ,$6.49 ,"700 g, $0.93/100g",Chips & Snacks,20057990001_EA
Potato Chips Ranch Flavour Limited Time Only!,$3.49 ,$3.49 ,"156 g, $2.24/100g",Chips & Snacks,/p/21521667_EA
Indian Snacks Bhujia Sev,$1.79 ,$1.79 ,"150 g, $1.19/100g",Chips & Snacks,20314667001_EA
Crispy Seaweed Original Flavour,$1.99 ,$2.49 ,"36 g, $5.53/100g",Chips & Snacks,/p/21377035_EA
Sour Cream & Onion Roasted Broad Beans,$2.99 ,$2.99 ,"85 g, $3.52/100g",Chips & Snacks,/p/21418109_EA
Butter Flavour Microwave Popcorn,$4.49 ,$4.49 ,"6x80.0 g, $0.94/100g",Chips & Snacks,/p/20300396_EA
Cheddar & Sour Cream flavoured potato chips,$3.99 ,$3.99 ,"220 g, $1.81/100g",Chips & Snacks,/p/21241005_EA
"Pretzels and Cheese, Processed Cheese Product",$1.79 ,$1.79 ,"3x28.0 g, $2.13/100g",Chips & Snacks,/p/20889864_EA
Sauerkraut,$4.29 ,$4.29 ,"796 ml, $0.54/100ml",Chips & Snacks,/p/20068748_EA
Juicy Gels Strawberry/Orange Reduced Sugar,$2.29 ,$2.29 ,"4x99.0 g, $0.58/100g",Chips & Snacks,20313115001_EA
Unsalted Peanuts,$6.49 ,$6.49 ,"700 g, $0.93/100g",Chips & Snacks,20057990002_EA
"Handcrafted-Style Chips, Lightly Salted Beet Chps",$4.99 ,$4.99 ,"150 g, $3.33/100g",Chips & Snacks,/p/20874370_EA
Seasoned Popcorn,$3.99 ,$3.99 ,"180 g, $2.22/100g",Chips & Snacks,/p/21434296_EA
Original Snack Mix 415g,$5.99 ,$5.99 ,"415 g, $1.44/100g",Chips & Snacks,/p/21370405_EA
Masala Chana     ,$1.79 ,$1.79 ,"150 g, $1.19/100g",Chips & Snacks,20314667010_EA
Garden Salsa Flavour Multigrain Snacks 205g,$4.79 ,$4.79 ,"205 g, $2.34/100g",Chips & Snacks,/p/21370310_EA
Jalapeño & Cheddar Flavour Seasoned Popcorn 180g,$4.29 ,$4.29 ,"180 g, $2.38/100g",Chips & Snacks,/p/20972878_EA
Fruity Raisin Snacks Sour Blue Raspberry,$4.99 ,$4.99 ,"7x20.0 g, $3.56/100g",Chips & Snacks,/p/21472061_EA
Spicy Dill Pickle Flavoured Potato Chips,$3.99 ,$3.99 ,"220 g, $1.81/100g",Chips & Snacks,/p/21532041_EA
Hint of Roasted Garlic flavour tortilla chips 275g,$4.49 ,$4.49 ,"275 g, $1.63/100g",Chips & Snacks,/p/21099841_EA
Goad Gathiya,$2.99 ,$2.99 ,"341 g, $0.88/100g",Chips & Snacks,20322576007_EA
Soan Papdi Indian Sweets,$5.29 ,$5.29 ,"500 g, $1.06/100g",Chips & Snacks,/p/20095046_EA
Bits & Bites Original Snacks Crispers,$2.79 ,$2.79 ,"145 g, $1.92/100g",Chips & Snacks,/p/21395350_EA
"Krinkle Cut Sweet Potato Chips, Sea Salt",$5.49 ,$5.49 ,"165 g, $3.33/100g",Chips & Snacks,/p/20772008_EA
"Gourmet Brown Rice Crisps, Sea Salt",$4.49 ,$4.49 ,"156 g, $2.90/100g",Chips & Snacks,20320947002_EA
"Handcrafted-Style Chips, BBQ Sweet Potato Chips",$4.79 ,$4.79 ,"150 g, $3.19/100g",Chips & Snacks,/p/20979866_EA
Maple Syrup Peanuts,$5.49 ,$5.49 ,"200 g, $2.75/100g",Chips & Snacks,/p/21462941_EA
Mozzarella 'n Marinara Flavoured Potato Chips,$4.49 ,$4.49 ,"180 g, $2.49/100g",Chips & Snacks,/p/21532036_EA
Snack Stacks Original,$6.99 ,$6.99 ,"19 g, $3.07/100g",Chips & Snacks,/p/21069445_EA
Rounds Tortilla Chips 480g,$5.99 ,$5.99 ,"480 g, $1.25/100g",Chips & Snacks,/p/21370286_EA
Pizza Cracker Bites,$4.99 ,$4.99 ,"120 g, $4.16/100g",Chips & Snacks,/p/21449455_EA
"Veggie Chips, Sour Cream & Onion",$3.79 ,$3.79 ,"141 g, $2.69/100g",Chips & Snacks,/p/20973347_EA
"Snapea Crisps, Original",$3.99 ,$3.99 ,"93 g, $4.29/100g",Chips & Snacks,20803759001_EA
Buffalo Ranch Potato Chips,$3.49 ,$3.49 ,"156 g, $2.24/100g",Chips & Snacks,/p/21003826_EA
Yellow Corn Tortilla Chips,$6.29 ,$6.29 ,"300 g, $2.10/100g",Chips & Snacks,/p/21206786_EA
"Apple Raspberry Lemon Twist, Pouch",$3.99 ,$3.99 ,"4x90.0 g, $1.11/100g",Chips & Snacks,/p/21179038_EA
KFC Original Chicken Potato Chips,$4.49 ,$4.49 ,"180 g, $2.49/100g",Chips & Snacks,/p/21503880_EA
"Snack Pack, Pudding, Chocolate",$2.29 ,$2.29 ,"4x99.0 g, $0.58/100g",Chips & Snacks,20310707001_EA
Mixed Nuts with Sea Salt,$6.49 ,$6.49 ,"200 g, $3.25/100g",Chips & Snacks,/p/21054980_EA
Fruit Roll-Ups™ Variety Pack Jolly Rancher Green Apple and Watermelon,$3.99 ,$3.99 ,"141 g, $2.83/100g",Chips & Snacks,/p/21283198_EA
Parfait Peaches in Strawberry Gel,$3.69 ,$3.69 ,"4x123.0 g, $0.75/100g",Chips & Snacks,20323489005_EA
Rich and Chewy Chocolate Chip Granola Bars,$6.99 ,$6.99 ,"576 g, $1.21/100g",Chips & Snacks,/p/21539047_EA
Tortillas Deep Blue + Flax Organic,$5.49 ,$5.49 ,"300 g, $1.83/100g",Chips & Snacks,/p/21533054_EA
Exotic Vegetables Chips,$5.49 ,$5.49 ,"170 g, $3.23/100g",Chips & Snacks,20140411001_EA
"Handcrafted-Style Chips, Black Sea Salt",$4.79 ,$4.79 ,"128 g, $3.74/100g",Chips & Snacks,/p/21157616_EA
"Vegetable Chips, Mediterranean",$5.49 ,$5.49 ,"170 g, $3.23/100g",Chips & Snacks,20140411003_EA
"7 Grain with Quinoa Crunchy Bars, Honey Oat Flax 10 Bars",$4.29 ,$4.29 ,"200 g, $2.15/100g",Chips & Snacks,20849832002_EA
"Vegetable Chips, Mediterranean",$5.49 ,$5.49 ,"170 g, $3.23/100g",Chips & Snacks,20140411003_EA
"Crackers and Cheese, Processed Cheese Product, Club Size",$10.49 ,$10.49 ,"24x29.0 g, $1.51/100g",Chips & Snacks,/p/20892439_EA
World of Flavours Filipino Adobo Chicken Flavour Rippled Potato Chips,$2.79 ,$2.79 ,"200 g, $1.40/100g",Chips & Snacks,/p/21521668_EA
Chicago Mix Popcorn,$3.99 ,$3.99 ,"220 g, $1.81/100g",Chips & Snacks,/p/20555781_EA
Granola Bars Crunchy Apple Crisp,$3.99 ,$3.99 ,"210 g, $1.90/100g",Chips & Snacks,/p/21547746_EA
Dipped and Chewy Chocolate Chip Granola Bars,$6.99 ,$6.99 ,"558 g, $1.25/100g",Chips & Snacks,/p/20302075_EA
Rich and Chewy Chocolate Chip Granola Bars,$2.79 ,$2.79 ,"120 g, $2.33/100g",Chips & Snacks,/p/21540695_EA
"Cashews, Unsalted",$17.99 ,$17.99 ,"800 g, $2.25/100g",Chips & Snacks,/p/20807973_EA
Sesame Seaweed Pumpkin Seeds,$2.29 ,$2.29 ,"35 g, $6.54/100g",Chips & Snacks,/p/21446125_EA
"Fruit Sauce, Variety Pack",$16.99 ,$16.99 ,"1.8 kg, $0.94/100g",Chips & Snacks,/p/21547717_EA
"Go Pure Fruit and Oat Bars, Banana and Strawberry",$2.99 ,$3.29 ,"140 g, $2.14/100g",Chips & Snacks,/p/21221431_EA
White Cheddar Seasoned Popcorn Halloween Pack 40 CT,$11.49 ,$11.49 ,"480 g, $2.39/100g",Chips & Snacks,/p/21457063_EA
Loads of Cheesy Garlic Bread Flavour Rippled Potato Chips,$2.79 ,$2.79 ,"200 g, $1.40/100g",Chips & Snacks,/p/21316004_EA
Smokey Bbq Organic,$4.49 ,$4.49 ,"135 g, $3.33/100g",Chips & Snacks,/p/21524168_EA
Chocolate Coconut Chips 79g,$6.29 ,$6.29 ,"79 g, $7.96/100g",Chips & Snacks,/p/21368816_EA
Fava Beans Roasted Dill Pickle,$4.99 ,$4.99 ,"140 g, $3.56/100g",Chips & Snacks,/p/21462890_EA
"Plantain Chips, Spicy",$4.19 ,$4.19 ,"200 g, $2.10/100g",Chips & Snacks,/p/20996869_EA
"Squeeze, Apple Berries",$3.99 ,$3.99 ,"90 g, $1.11/100g",Chips & Snacks,20843777001_EA
Organic Rice Cake Minis Apple Pie Flavoured,$6.49 ,$6.49 ,"142 g, $4.57/100g",Chips & Snacks,/p/21453551_EA
Snack Stacks Sour Cream and Onion,$6.99 ,$6.99 ,"228 g, $3.07/100g",Chips & Snacks,/p/21206245_EA
"Fruitsations Apple Sauce, Unsweetened",$3.29 ,$3.29 ,"104 ml, $3.16/100ml",Chips & Snacks,20324241002_EA
"Fruit Roll Up Snack, Tropical Tie-Dye",$3.99 ,$3.99 ,"141 g, $2.83/100g",Chips & Snacks,/p/21031310_EA
"Fruit by the Foot Variety Pack, 3 Flavours ",$11.99 ,$11.99 ,"637 g, $1.88/100g",Chips & Snacks,/p/21418534_EA
Fancy Nut Mix Unsalted,$17.99 ,$17.99 ,"908 g, $1.98/100g",Chips & Snacks,/p/21207459_EA
Fire Roasted Jalapeño Craft Pretzels,$5.49 ,$5.49 ,"130 g, $4.22/100g",Chips & Snacks,/p/21428242_EA
Dipps Granola Bars – Rainbow Chip,$2.29 ,$2.49 ,"150 g, $1.53/100g",Chips & Snacks,/p/20847434_EA
"Dutch Crunch Kettle Chips, Jalapeno & Cheddar",$3.99 ,$3.99 ,"200 g, $2.00/100g",Chips & Snacks,20503479003_EA
Good Bites Chocolate Macaroon Bites,$4.29 ,$4.29 ,"150 g, $2.86/100g",Chips & Snacks,/p/21096748_EA
Original Jerky,$14.99 ,$14.99 ,"230 g, $6.52/100g",Chips & Snacks,/p/21001206_EA
Fruitsource 100% Fruit Bar Variety Pack,$21.99 ,$21.99 ,"1.11 kg, $1.98/100g",Chips & Snacks,/p/20872742_EA
Flamin’ Hot Bar-B-Q Flavoured Potato Chips,$4.49 ,$4.49 ,"190 g, $2.36/100g",Chips & Snacks,/p/21240597_EA
Lentil Chips Salt And Vinegar,$4.29 ,$4.29 ,"113 g, $3.80/100g",Chips & Snacks,/p/21452779_EA
Potato Crisps,$2.25 ,$2.25 ,"130 g, $1.73/100g",Chips & Snacks,/p/21506468_EA
Fruitsource 100% Fruit and Veggie Bar Pack,$10.99 ,$10.99 ,"12x37.0 g, $2.48/100g",Chips & Snacks,20305640002_EA
Sea Salt & Black Pepper Kettle Cooked Peanuts,$3.99 ,$3.99 ,"275 g, $1.45/100g",Chips & Snacks,/p/20501143_EA
Chewy Whole Grain Bars Dark Mocha Almond,$4.29 ,$4.29 ,"175 g, $2.45/100g",Chips & Snacks,/p/21494759_EA
Microwave Butter Flavour Popcorn,$4.79 ,$4.79 ,"822 g, $0.58/100g",Chips & Snacks,/p/21291284_EA
"7 Grain with Quinoa Crunchy Bars, Chocolate Chip Chia 10 Bars",$4.29 ,$4.29 ,"200 g, $2.15/100g",Chips & Snacks,20849832001_EA
Crunchy Maple Brown Sugar Granola Bars,$3.99 ,$3.99 ,"210 g, $1.90/100g",Chips & Snacks,/p/21213548_EA
"Special K Fruit Crisps, Strawberry Flavour, 10 Bars",$3.49 ,$3.49 ,"125 g, $2.79/100g",Chips & Snacks,/p/21008286_EA
"Popcorn Bowl, Extra Buttery    ",$5.99 ,$5.99 ,"6x82.0 g, $1.22/100g",Chips & Snacks,20629532003_EA
Loads Of All Dressed Rippled Potato Chips,$2.79 ,$2.79 ,"200 g, $1.40/100g",Chips & Snacks,20840911004_EA
Banana Flavoured Pudding Cups 4 Pack,$1.49 ,$1.49 ,"4x99.0 g, $0.38/100g",Chips & Snacks,20297693006_EA
Shandong Roasted Peanuts,$4.79 ,$4.79 ,"500 g, $0.96/100g",Chips & Snacks,/p/20847426_EA
Scorchin' Potato Chips Bbq Flavour,$3.49 ,$3.49 ,"156 g, $2.24/100g",Chips & Snacks,/p/21521666_EA
Chili Lime Sunflower Seeds,$3.29 ,$3.29 ,"210 g, $1.57/100g",Chips & Snacks,/p/21370137_EA
Fruit To Go 100% Fruit and Veggie Snack Pack,$21.99 ,$21.99 ,"72x14.0 g, $2.18/100g",Chips & Snacks,/p/20178618_EA
Sour Cream & Onion Ripple Cut Potato Chips ,$4.99 ,$4.99 ,"750 g, $0.67/100g",Chips & Snacks,20622128002_EA
Fruitsource 100% Fruit and Veggie Bar Pack,$10.99 ,$10.99 ,"12x37.0 g, $2.48/100g",Chips & Snacks,20305640002_EA
Chocolate Coconut Chips 79g,$6.29 ,$6.29 ,"79 g, $7.96/100g",Chips & Snacks,/p/21368816_EA
Fava Beans Roasted Dill Pickle,$4.99 ,$4.99 ,"140 g, $3.56/100g",Chips & Snacks,/p/21462890_EA
"Plantain Chips, Spicy",$4.19 ,$4.19 ,"200 g, $2.10/100g",Chips & Snacks,/p/20996869_EA
"Squeeze, Apple Berries",$3.99 ,$3.99 ,"90 g, $1.11/100g",Chips & Snacks,20843777001_EA
Organic Rice Cake Minis Apple Pie Flavoured,$6.49 ,$6.49 ,"142 g, $4.57/100g",Chips & Snacks,/p/21453551_EA
Snack Stacks Sour Cream and Onion,$6.99 ,$6.99 ,"228 g, $3.07/100g",Chips & Snacks,/p/21206245_EA
"Fruitsations Apple Sauce, Unsweetened",$3.29 ,$3.29 ,"104 ml, $3.16/100ml",Chips & Snacks,20324241002_EA
"Fruit Roll Up Snack, Tropical Tie-Dye",$3.99 ,$3.99 ,"141 g, $2.83/100g",Chips & Snacks,/p/21031310_EA
"Fruit by the Foot Variety Pack, 3 Flavours ",$11.99 ,$11.99 ,"637 g, $1.88/100g",Chips & Snacks,/p/21418534_EA
Fancy Nut Mix Unsalted,$17.99 ,$17.99 ,"908 g, $1.98/100g",Chips & Snacks,/p/21207459_EA
Tikha Gathiya ,$2.99 ,$2.99 ,"341 g, $0.88/100g",Chips & Snacks,20322576009_EA
Fire Roasted Jalapeño Craft Pretzels,$5.49 ,$5.49 ,"130 g, $4.22/100g",Chips & Snacks,/p/21428242_EA
Dipps Granola Bars – Rainbow Chip,$2.29 ,$2.49 ,"150 g, $1.53/100g",Chips & Snacks,/p/20847434_EA
Parmesan & Roasted Garlic Chips,$2.79 ,$2.79 ,"90 g, $3.10/100g",Chips & Snacks,/p/21104591_EA
Fruitsource 100% Fruit Bar Variety Pack,$21.99 ,$21.99 ,"1.11 kg, $1.98/100g",Chips & Snacks,/p/20872742_EA
Flamin’ Hot Bar-B-Q Flavoured Potato Chips,$4.49 ,$4.49 ,"190 g, $2.36/100g",Chips & Snacks,/p/21240597_EA
Lentil Chips Salt And Vinegar,$4.29 ,$4.29 ,"113 g, $3.80/100g",Chips & Snacks,/p/21452779_EA
Potato Crisps,$2.25 ,$2.25 ,"130 g, $1.73/100g",Chips & Snacks,/p/21506468_EA
Nügabar Coated Nougat Bars Chocolate & Fudge,$2.99 ,$2.99 ,"175 g, $1.71/100g",Chips & Snacks,/p/21536594_EA
Pistachios Sea Salt,$19.49 ,$19.49 ,"800 g, $2.44/100g",Chips & Snacks,/p/21461599_EA
Yogurt and Raspberry Popcorn Bars,$3.99 ,$3.99 ,"150 g, $2.66/100g",Chips & Snacks,/p/21399739_EA
"Dutch Crunch Kettle Chips, Jalapeno & Cheddar",$3.99 ,$3.99 ,"200 g, $2.00/100g",Chips & Snacks,20503479003_EA
"Fruit Cups, Peach Club Pack   (Case)",$18.99 ,$18.99 ,"20x112.5 ml, $0.84/100ml",Chips & Snacks,p/20796879_C01
Good Bites Chocolate Macaroon Bites,$4.29 ,$4.29 ,"150 g, $2.86/100g",Chips & Snacks,/p/21096748_EA
Original Jerky,$14.99 ,$14.99 ,"230 g, $6.52/100g",Chips & Snacks,/p/21001206_EA
Sea Salt & Black Pepper Kettle Cooked Peanuts,$3.99 ,$3.99 ,"275 g, $1.45/100g",Chips & Snacks,/p/20501143_EA
Chewy Whole Grain Bars Dark Mocha Almond,$4.29 ,$4.29 ,"175 g, $2.45/100g",Chips & Snacks,/p/21494759_EA
Microwave Butter Flavour Popcorn,$4.79 ,$4.79 ,"822 g, $0.58/100g",Chips & Snacks,/p/21291284_EA
"7 Grain with Quinoa Crunchy Bars, Chocolate Chip Chia 10 Bars",$4.29 ,$4.29 ,"200 g, $2.15/100g",Chips & Snacks,20849832001_EA
Crunchy Maple Brown Sugar Granola Bars,$3.99 ,$3.99 ,"210 g, $1.90/100g",Chips & Snacks,/p/21213548_EA
"Special K Fruit Crisps, Strawberry Flavour, 10 Bars",$3.49 ,$3.49 ,"125 g, $2.79/100g",Chips & Snacks,/p/21008286_EA
"Popcorn Bowl, Extra Buttery    ",$5.99 ,$5.99 ,"6x82.0 g, $1.22/100g",Chips & Snacks,20629532003_EA
Panchratan Mixture,$1.99 ,$1.99 ,"90 g, $2.21/100g",Chips & Snacks,/p/21471379_EA
Halloween Fruit Treats,$11.99 ,$11.99 ,"755 g, $1.59/100g",Chips & Snacks,/p/21530595_EA
Crunchy Oats 'n' Honey,$6.99 ,$6.99 ,"690 g, $1.01/100g",Chips & Snacks,/p/21279946_EA
Sea Salt Garden Stix,$2.79 ,$2.79 ,"142 g, $1.96/100g",Chips & Snacks,/p/21284243_EA
Honey Dijon flavour kettle cooked potato chips 200g,$4.99 ,$4.99 ,"200 g, $2.50/100g",Chips & Snacks,/p/21240622_EA
All In One,$3.99 ,$3.99 ,"350 g, $1.14/100g",Chips & Snacks,/p/20588664_EA
Korean Roasted Seaweed Laver,$1.49 ,$1.49 ,"15 g, $9.93/100g",Chips & Snacks,/p/20593313_EA
Fruit & Nut Dark Chocolate Cherry Chewy Bars,$3.79 ,$3.79 ,"165 g, $2.30/100g",Chips & Snacks,/p/21001957_EA
Sour Cream & Onion Ripple Cut Potato Chips ,$4.99 ,$4.99 ,"750 g, $0.67/100g",Chips & Snacks,20622128002_EA
Samosa,$1.79 ,$1.79 ,"150 g, $1.19/100g",Chips & Snacks,20589277002_EA
"Sunflower Seeds, Spiced",$2.88 ,$2.88 ,"260 g, $1.11/100g",Chips & Snacks,20854556003_EA
Caramel Popcorn,$3.99 ,$3.99 ,"250 g, $1.60/100g",Chips & Snacks,/p/20555480_EA
Sweet Chili & Sour Cream flavour kettle cooked potato chips 200g,$4.99 ,$4.99 ,"200 g, $2.50/100g",Chips & Snacks,/p/21240659_EA
Go Pure Soft Baked Chocolate Chip Oatmeal Bars,$2.99 ,$3.29 ,"175 g, $1.71/100g",Chips & Snacks,/p/21430819_EA
"Squeeze, Apple Blueberry",$3.99 ,$3.99 ,"90 g, $1.11/100g",Chips & Snacks,/p/21064085_EA
Roasted Cashews with Sea Salt,$26.49 ,$26.49 ,"1.13 kg, $2.34/100g",Chips & Snacks,/p/20287689_EA
"Gourmet Brown Rice Crisps, Salsa Fresca",$4.49 ,$4.49 ,"155 g, $2.90/100g",Chips & Snacks,20320947003_EA
Loads Of Barbecue Rippled Potato Chips,$2.79 ,$2.79 ,"200 g, $1.40/100g",Chips & Snacks,20840911006_EA
Original Trail Mix,$12.49 ,$12.49 ,"1 kg, $1.25/100g",Chips & Snacks,/p/20339076_EA
Loads of Cheesy Garlic Bread Flavour Rippled Potato Chips,$2.79 ,$2.79 ,"200 g, $1.40/100g",Chips & Snacks,/p/21316004_EA
Smokey Bbq Organic,$4.49 ,$4.49 ,"135 g, $3.33/100g",Chips & Snacks,/p/21524168_EA
Sesame Seaweed Pumpkin Seeds,$2.29 ,$2.29 ,"35 g, $6.54/100g",Chips & Snacks,/p/21446125_EA
Sweet and Salty Almond Chewy Nut Bars,$2.79 ,$2.79 ,"175 g, $1.59/100g",Chips & Snacks,20040568001_EA
Fru-Gel Fruit Juice Gels Strawberry,$3.69 ,$3.69 ,"492 g, $0.75/100g",Chips & Snacks,/p/21481237_EA
Pork Strips Extra Thick Cut Barbecue Recipe,$6.49 ,$6.49 ,"74 g, $8.77/100g",Chips & Snacks,/p/21525958_EA
Loads Of Jalapeño Popper Flavour Rippled Potato Chips,$2.79 ,$2.79 ,"200 g, $1.40/100g",Chips & Snacks,20840911007_EA
Loads of Sour Cream & Onion Rippled Potato Chips,$2.79 ,$2.79 ,"200 g, $1.40/100g",Chips & Snacks,20840911002_EA
Teriyaki Jerky,$14.99 ,$14.99 ,"230 g, $6.52/100g",Chips & Snacks,/p/21001580_EA
Oven Baked Potato Chips Original 177g,$3.99 ,$3.99 ,"177 g, $2.25/100g",Chips & Snacks,/p/21434120_EA
Spicy Chilli Crunch Tubes   ,$1.49 ,$1.49 ,"80 g, $1.86/100g",Chips & Snacks,/p/21288906_EA
"Crunchy Granola Bars, Roasted Almond",$3.99 ,$3.99 ,"230 g, $1.73/100g",Chips & Snacks,20315520004_EA
Fruit Gushers Super Sour Gushers,$3.99 ,$3.99 ,"138 g, $2.89/100g",Chips & Snacks,/p/21213550_EA
Puffs Cheese Flavoured Snacks,$5.99 ,$5.99 ,"390 g, $1.54/100g",Chips & Snacks,/p/21370174_EA
Trail Mix Dark Chocolate Chewy Granola Bars,$3.99 ,$3.99 ,"175 g, $2.28/100g",Chips & Snacks,20315520006_EA
Hot Pepperoni Stick,$1.29 ,$1.29 ,"22 g, $5.86/100g",Chips & Snacks,/p/20945714_EA
"Squeeze, Apple Mango",$3.99 ,$3.99 ,"90 g, $1.11/100g",Chips & Snacks,20843777002_EA
Fruit Sauce,$16.99 ,$16.99 ,"1.8 kg, $0.94/100g",Chips & Snacks,/p/21547693_EA
Potato Chips Pepperoncini,$4.49 ,$4.49 ,"198 g, $2.27/100g",Chips & Snacks,/p/21520689_EA
Dipps Granola Bars - Chocolatey Chip Caramel Nut and Peanut Butter,$13.99 ,$13.99 ,"935 g, $1.50/100g",Chips & Snacks,/p/20548640_EA
Churro Cinnamon Chips,$6.99 ,$6.99 ,"142 g, $4.92/100g",Chips & Snacks,/p/21447269_EA
Fruit Bowls Diced Peaches in Water,$3.69 ,$3.69 ,"4x107.0 ml, $0.86/100ml",Chips & Snacks,20318455009_EA
"Nutri-Grain Cereal Bars, Raspberry 8 Bars",$2.99 ,$2.99 ,"295 g, $1.01/100g",Chips & Snacks,20313984005_EA
"Popcorn, Extra Buttery",$8.99 ,$8.99 ,"10x82.0 g, $1.10/100g",Chips & Snacks,20629531002_EA
Classic Potato Chips Halloween Pack 40 CT,$11.49 ,$11.49 ,"640 g, $1.80/100g",Chips & Snacks,/p/21457084_EA
Restaurante Deli Rounds,$4.49 ,$4.49 ,"290 g, $1.55/100g",Chips & Snacks,/p/21367509_EA
Shrimp Crackers,$5.49 ,$5.49 ,"400 g, $1.37/100g",Chips & Snacks,/p/20418200_EA
Bold ‘n Baked Tangy Ranch,$3.49 ,$3.49 ,"150 g, $2.33/100g",Chips & Snacks,/p/21397825_EA
Tortillas New Classics Organic,$5.49 ,$5.49 ,"300 g, $1.83/100g",Chips & Snacks,/p/21533145_EA
Sea Salt Popped-Corn Chips 142g,$5.99 ,$5.99 ,"142 g, $4.22/100g",Chips & Snacks,/p/21370367_EA
Potato Crisps Salt & Vinegar Flavour,$4.79 ,$4.79 ,"160 g, $2.99/100g",Chips & Snacks,/p/21540086_EA
Sweet & Salty Kettle Corn Style Flavoured Popped-Corn Chips 142g,$5.99 ,$5.99 ,"142 g, $4.22/100g",Chips & Snacks,/p/21370205_EA
Crispy Minis Balsamic & Bruschetta Multigrain Chips with Vegetables,$2.79 ,$2.79 ,"90 g, $3.10/100g",Chips & Snacks,/p/21010245_EA
Krinkle Cut Potato Chips Salt & Fresh Ground Pepper,$4.49 ,$4.49 ,"198 g, $2.27/100g",Chips & Snacks,/p/21520661_EA
Dry Petha,$4.99 ,$4.99 ,"400 g, $1.25/100g",Chips & Snacks,/p/20714163_EA
"Handcrafted-Style Chips, All Natural",$4.79 ,$4.79 ,"150 g, $3.19/100g",Chips & Snacks,20370855001_EA
"Handcrafted-Style Chips, Honey Dijon",$4.79 ,$4.79 ,"128 g, $3.74/100g",Chips & Snacks,/p/21157598_EA
Cream & Onion ridged flavoured potato chips,$3.99 ,$3.99 ,"165 g, $2.42/100g",Chips & Snacks,/p/21365045_EA
Butter Microwave Popcorn - 3 Pack,$2.99 ,$2.99 ,"255 g, $1.17/100g",Chips & Snacks,/p/21305855_EA
"Mixed Nuts, 60% Peanuts, Roasted & Salted",$5.49 ,$5.49 ,"250 g, $2.20/100g",Chips & Snacks,/p/21021620_EA
Rice Pudding Tubs,$4.49 ,$4.49 ,"624 g, $0.72/100g",Chips & Snacks,20323829001_EA
Regular Potato Chips,$10.99 ,$10.99 ,"720 g, $1.53/100g",Chips & Snacks,/p/21384111_EA
"Nutri-Grain Cereal Bars, Apple Cinnamon 8 Bars",$2.99 ,$3.49 ,"295 g, $1.01/100g",Chips & Snacks,20313984003_EA
Spicy Garlic Peas,$3.19 ,$3.19 ,"341 g, $0.94/100g",Chips & Snacks,20785692004_EA
Original Snacksticks Sausage Snacks,$9.99 ,$9.99 ,"225 g, $4.44/100g",Chips & Snacks,/p/21356288_EA
Sweet Mesquite BBQ Roasted Broad Beans,$2.99 ,$2.99 ,"85 g, $3.52/100g",Chips & Snacks,/p/21418114_EA
Jalapeno Tropicale Tortilla Chips,$5.49 ,$5.49 ,"155 g, $3.54/100g",Chips & Snacks,/p/21191860_EA
Organics Sea Salt Brown Rice Cakes,$2.99 ,$2.99 ,"120 g, $2.49/100g",Chips & Snacks,/p/21408855_EA
Handcrafted-Style Chips Wild Onion & Yogurt,$4.79 ,$4.79 ,"150 g, $3.19/100g",Chips & Snacks,/p/20772003_EA
Hearty Dippers Tortilla Chips,$4.49 ,$4.49 ,"250 g, $1.80/100g",Chips & Snacks,/p/21559709_EA
"Mini Bags, Buttery",$5.99 ,$5.99 ,"8x43.0 g, $1.76/100g",Chips & Snacks,/p/20315530_EA
Chicago Mix Popcorn,$8.99 ,$8.99 ,"737 g, $1.22/100g",Chips & Snacks,/p/20951723_EA
Lots of Cherries in Water,$3.69 ,$3.69 ,"428 ml, $0.86/100ml",Chips & Snacks,20415654001_EA
Classic Mix 504g,$9.99 ,$9.99 ,"504 g, $1.98/100g",Chips & Snacks,/p/21367030_EA
Hickory Smoke Flavour Roasted Almonds,$4.59 ,$4.59 ,"200 g, $2.30/100g",Chips & Snacks,/p/21054930_EA
Wafer Peanut Butter Chocolate,$3.79 ,$3.79 ,"184 g, $2.06/100g",Chips & Snacks,/p/21279925_EA
Extra Butter Flavour Purple Kernel Microwave Popcorn,$3.49 ,$3.49 ,"247 g, $1.41/100g",Chips & Snacks,/p/21291274_EA
Fruit Gushers Family Pack,$6.99 ,$6.99 ,"368 g, $1.90/100g",Chips & Snacks,/p/21371282_EA
"Almonds, BBQ",$14.99 ,$14.99 ,"454 g, $3.30/100g",Chips & Snacks,/p/20860248_EA
Fruitsations Unsweetened Strawberry Kiwi Apple Sauce,$3.29 ,$3.29 ,"6x111.0 g, $0.49/100g",Chips & Snacks,20324241008_EA
Tapioca Pudding Cups,$5.29 ,$5.29 ,"6x113.0 g, $0.78/100g",Chips & Snacks,20325154002_EA
Double Chocolate,$11.99 ,$11.99 ,"728 g, $1.65/100g",Chips & Snacks,/p/21418556_EA
Loads Of Creamy Dill Pickle Rippled Potato Chips,$2.79 ,$2.79 ,"200 g, $1.40/100g",Chips & Snacks,20840911005_EA
Regular Ripple Cut Potato Chips,$4.99 ,$4.99 ,"750 g, $0.67/100g",Chips & Snacks,/p/20060972_EA
Go Pure Oatmeal Bars Apple & Cinnamon,$2.99 ,$3.29 ,"175 g, $1.71/100g",Chips & Snacks,/p/21508053_EA
Tortilla Chips Organic Rounds Unsalted,$4.49 ,$4.49 ,"300 g, $1.50/100g",Chips & Snacks,/p/21544181_EA
Special K Nourish Dark Chocolate Chunks & Almonds Bar,$4.29 ,$4.29 ,"165 g, $2.60/100g",Chips & Snacks,/p/21010759_EA
"Beef Jerky, Teriyaki",$6.49 ,$6.49 ,"80 g, $8.11/100g",Chips & Snacks,20501983004_EA
"Popcorn, Smart Pop",$8.99 ,$8.99 ,"10x70.0 g, $1.28/100g",Chips & Snacks,/p/20630761_EA
Wavy Salt & Vinegar flavoured potato chips,$3.99 ,$3.99 ,"220 g, $1.81/100g",Chips & Snacks,/p/21241012_EA
Nügabar Coated Nougat Bars Dark Chocolate & Caramel,$2.99 ,$2.99 ,"175 g, $1.71/100g",Chips & Snacks,/p/21536597_EA
"Beef Jerky, Original",$6.49 ,$6.49 ,"80 g, $8.11/100g",Chips & Snacks,20501983002_EA
"Popcorn Bowl, Extra Butter",$3.99 ,$3.99 ,"246 g, $1.62/100g",Chips & Snacks,20625553002_EA
Pretzel Sticks Cinnamon Sugar,$5.49 ,$5.49 ,"212 g, $2.59/100g",Chips & Snacks,/p/21398995_EA
Classic Flavour Crispy Seaweed Big Sheet,$2.99 ,$3.79 ,"28.8 g, $10.38/100g",Chips & Snacks,/p/21302893_EA
Indian Snacks Chatpata Dal,$1.79 ,$1.79 ,"150 g, $1.19/100g",Chips & Snacks,/p/20303365_EA
"Red Peppers, Roasted",$10.99 ,$10.99 ,"1.5 l, $0.73/100ml",Chips & Snacks,/p/20021246_EA
Organics Unsalted Brown Rice Cakes,$2.99 ,$2.99 ,"120 g, $2.49/100g",Chips & Snacks,/p/21408859_EA
"Oatmeal, Nut Butter & Peanut Bars",$3.79 ,$3.79 ,"190 g, $1.99/100g",Chips & Snacks,/p/21207148_EA
"Crunchy Granola Bars, Oats 'n Dark Chocolate",$3.99 ,$3.99 ,"210 g, $1.90/100g",Chips & Snacks,/p/21164565_EA
Hot Snacksticks Sausage Snacks,$9.99 ,$9.99 ,"225 g, $4.44/100g",Chips & Snacks,/p/21356289_EA
Indian Snacks Chatpata Masala Namkeen,$1.79 ,$1.79 ,"115 g, $1.56/100g",Chips & Snacks,/p/21286142_EA
"Snacks, Snack Mix Original",$9.29 ,$9.29 ,"1100 g, $0.84/100g",Chips & Snacks,/p/20180720_EA
Bar Mix Craft,$6.49 ,$6.49 ,"550 g, $1.18/100g",Chips & Snacks,/p/21082195_EA
"Handcrafted-Style Chips, Ketchup",$4.79 ,$4.79 ,"150 g, $3.19/100g",Chips & Snacks,/p/20771686_EA
Natural Flavour Microwave Popcorn,$4.49 ,$4.49 ,"6x80.0 g, $0.94/100g",Chips & Snacks,/p/20304921_EA
Boston Cream Granola Bar,$2.49 ,$2.49 ,"150 g, $1.66/100g",Chips & Snacks,/p/21390720_EA
Dipped & Chewy Caramel Granola Bars ,$2.79 ,$2.79 ,"172 g, $1.62/100g",Chips & Snacks,/p/20912735_EA
Sweet and Salty Almond Nut Bars Club Size,$6.99 ,$6.99 ,"630 g, $1.11/100g",Chips & Snacks,/p/21395174_EA
Fruit Bowls Extra Cherries,$3.69 ,$3.69 ,"4x107.0 ml, $0.86/100ml",Chips & Snacks,20318455001_EA
Chickpea Chips Sea Salt,$5.99 ,$5.99 ,"128 g, $4.68/100g",Chips & Snacks,/p/21533767_EA
Krinkle Cut Potato Chips Dill Pickle,$4.49 ,$4.49 ,"198 g, $2.27/100g",Chips & Snacks,/p/21520670_EA
Chewy Chocolate Chip Granola Bars,$2.29 ,$2.29 ,"120 g, $1.91/100g",Chips & Snacks,/p/21540823_EA
All Dressed Flavoured Potato Chips,$5.99 ,$5.99 ,"350 g, $1.71/100g",Chips & Snacks,/p/21241144_EA
All Dressed Crisps,$3.99 ,$3.99 ,"235 g, $1.70/100g",Chips & Snacks,/p/21367537_EA
Apple Cinnamon With Probiotics Organic Oat Clusters,$6.49 ,$6.49 ,"90 g, $7.21/100g",Chips & Snacks,/p/21417938_EA
Restaurante Premium Tortilla Chips Hint of Lime with Sea Salt ,$4.49 ,$4.49 ,"275 g, $1.63/100g",Chips & Snacks,/p/21367508_EA
Fava Beans Roasted Jalapeño Lime,$4.99 ,$4.99 ,"140 g, $3.56/100g",Chips & Snacks,/p/21462885_EA
Onion Rings,$1.29 ,$1.37 ,"50 g, $2.58/100g",Chips & Snacks,/p/20298697_EA
Sweet and Salty Peanut Chewy Nut Bars,$2.79 ,$2.79 ,"175 g, $1.59/100g",Chips & Snacks,20040568002_EA
Original Recipe kettle cooked potato chips 275g,$5.99 ,$5.99 ,"275 g, $2.18/100g",Chips & Snacks,/p/21240614_EA
"Pudding, Mango",$3.99 ,$3.99 ,"708 g, $0.56/100g",Chips & Snacks,/p/20595321_EA
Fruit To Go 100% Fruit Snack Pack,$10.99 ,$10.99 ,"24x14.0 g, $3.27/100g",Chips & Snacks,/p/20055576_EA
Crunchy Cheese Flavoured Snacks,$5.99 ,$5.99 ,"390 g, $1.54/100g",Chips & Snacks,/p/21370171_EA
Original Snack Mix 250g,$4.29 ,$4.29 ,"250 g, $1.72/100g",Chips & Snacks,/p/21370415_EA
"Potato Chips, Ketchup",$3.49 ,$3.49 ,"220 g, $1.59/100g",Chips & Snacks,20712036002_EA
Unsalted Roasted Cashews,$4.79 ,$4.79 ,"200 g, $2.40/100g",Chips & Snacks,/p/21056259_EA
Fruitsource 100% Fruit Bar Pack,$10.99 ,$10.99 ,"444 g, $2.48/100g",Chips & Snacks,/p/20652747_EA
Lightly Salted Chips,$3.99 ,$3.99 ,"235 g, $1.70/100g",Chips & Snacks,/p/21367543_EA
Wavy Original potato chips,$5.99 ,$5.99 ,"415 g, $1.44/100g",Chips & Snacks,/p/21241010_EA
Cheesy Mix 504g,$9.99 ,$9.99 ,"504 g, $1.98/100g",Chips & Snacks,/p/21365946_EA
Large & Round White Corn Tortilla Chips ,$2.79 ,$2.79 ,"340 g, $0.82/100g",Chips & Snacks,/p/20148817_EA
Fruity Raisin Snacks Sour Watermelon,$4.99 ,$4.99 ,"7x7.0 ea, $0.71/1ea",Chips & Snacks,/p/21472056_EA
Peaches In Strawberry Flavoured Gel,$3.69 ,$3.69 ,"492 g, $0.75/100g",Chips & Snacks,/p/21404787_EA
Loads of Spicy Barbecue Rippled Potato Chips,$2.79 ,$2.79 ,"200 g, $1.40/100g",Chips & Snacks,/p/21315976_EA
Fru-Gel Fruit Juice Gels Orange,$3.69 ,$3.69 ,"492 g, $0.75/100g",Chips & Snacks,/p/21481241_EA
Sweet & Salty Peanut,$6.99 ,$6.99 ,"525 g, $1.33/100g",Chips & Snacks,/p/21279930_EA
Puffed Rice Brittle Mamra Chikki,$1.49 ,$1.49 ,"100 g, $1.49/100g",Chips & Snacks,/p/20173978_EA
Rice Krispies Bars Original,$2.99 ,$2.99 ,"176 g, $1.70/100g",Chips & Snacks,20126567001_EA
Sausage Snacks Snack Sticks Hot,$6.49 ,$6.49 ,"150 g, $4.33/100g",Chips & Snacks,/p/21498277_EA
Cheddar Cheese Flavour Party Stack Potato Chips,$3.99 ,$3.99 ,"203 g, $1.97/100g",Chips & Snacks,/p/21421694_EA
BBQ Crisps,$3.99 ,$3.99 ,"235 g, $1.70/100g",Chips & Snacks,/p/21367538_EA
Crab Flavoured Chips ,$1.99 ,$1.99 ,"50 g, $3.98/100g",Chips & Snacks,/p/20739490_EA
Original Party Mix,$3.29 ,$3.29 ,"320 g, $1.03/100g",Chips & Snacks,/p/20028559_EA
Peppered Beef Jerky Meat Snacks,$6.49 ,$6.49 ,"80 g, $8.11/100g",Chips & Snacks,/p/21206384_EA
Peanut Butter Filled Pretzels,$8.99 ,$8.99 ,"680 g, $1.32/100g",Chips & Snacks,/p/20501575_EA
Dipped and Chewy Chocolate Fudge and Chocolate Chip Granola Bars,$6.99 ,$6.99 ,"618 g, $1.13/100g",Chips & Snacks,/p/20309037_EA
Hot 'N Spicy Flavoured Pork Rinds (small bag) 70g,$2.79 ,$2.79 ,"70 g, $3.99/100g",Chips & Snacks,/p/21369189_EA
Zesty Dill Pickle Craft Pretzels,$5.49 ,$5.49 ,"130 g, $4.22/100g",Chips & Snacks,/p/21428232_EA
Soya Sticks Magic Masala,$2.49 ,$2.49 ,"180 g, $1.38/100g",Chips & Snacks,/p/21307548_EA
Salt & Vinegar Flavoured Potato Chips,$4.49 ,$4.49 ,"200 g, $2.25/100g",Chips & Snacks,/p/21240603_EA
Classic Style Pretzel Sticks 370g,$4.49 ,$4.49 ,"370 g, $1.21/100g",Chips & Snacks,/p/21370458_EA
Salt & Vinegar Flavour Potato Chips,$3.49 ,$3.49 ,"156 g, $2.24/100g",Chips & Snacks,/p/21003830_EA
Dry-Roasted Jumbo Pistachios,$8.29 ,$8.29 ,"290 g, $2.86/100g",Chips & Snacks,/p/20869411_EA
Tortilla Chips Organic Rounds Salted,$4.49 ,$4.49 ,"300 g, $1.50/100g",Chips & Snacks,/p/21544187_EA
Whole Natural Almonds,$14.99 ,$14.99 ,"454 g, $3.30/100g",Chips & Snacks,20044176001_EA
Apple Strawberry 100% Fruit Bar,$1.29 ,$1.29 ,"37 g, $3.49/100g",Chips & Snacks,20318891001_EA
Krinkle Cut Potato Chips Salt & Fresh Ground Pepper Party Size,$6.49 ,$6.49 ,"368 g, $1.76/100g",Chips & Snacks,/p/21520600_EA
Peanut Free Apple Cereal Bars,$3.49 ,$3.49 ,"300 g, $1.16/100g",Chips & Snacks,20296687002_EA
Apple Cinnamon Apple Sauce ,$2.79 ,$2.79 ,"6x100.0 ml, $0.47/100ml",Chips & Snacks,20309701002_EA
Onion Rings,$1.29 ,$1.37 ,"50 g, $2.58/100g",Chips & Snacks,/p/20298697_EA
Indian Snacks Chatpata Masala Namkeen,$1.79 ,$1.79 ,"115 g, $1.56/100g",Chips & Snacks,/p/21286142_EA
"Snacks, Snack Mix Original",$9.29 ,$9.29 ,"1100 g, $0.84/100g",Chips & Snacks,/p/20180720_EA
Bar Mix Craft,$6.49 ,$6.49 ,"550 g, $1.18/100g",Chips & Snacks,/p/21082195_EA
Natural Flavour Microwave Popcorn,$4.49 ,$4.49 ,"6x80.0 g, $0.94/100g",Chips & Snacks,/p/20304921_EA
Boston Cream Granola Bar,$2.49 ,$2.49 ,"150 g, $1.66/100g",Chips & Snacks,/p/21390720_EA
Sweet and Salty Almond Nut Bars Club Size,$6.99 ,$6.99 ,"630 g, $1.11/100g",Chips & Snacks,/p/21395174_EA
Fruit To Go 100% Fruit Snack Pack,$10.99 ,$10.99 ,"24x14.0 g, $3.27/100g",Chips & Snacks,/p/20055576_EA
Crunchy Cheese Flavoured Snacks,$5.99 ,$5.99 ,"390 g, $1.54/100g",Chips & Snacks,/p/21370171_EA
"Handcrafted-Style Chips, Ketchup",$4.79 ,$4.79 ,"150 g, $3.19/100g",Chips & Snacks,/p/20771686_EA
Dipped & Chewy Caramel Granola Bars ,$2.79 ,$2.79 ,"172 g, $1.62/100g",Chips & Snacks,/p/20912735_EA
Sweet and Salty Peanut Chewy Nut Bars,$2.79 ,$2.79 ,"175 g, $1.59/100g",Chips & Snacks,20040568002_EA
Original Recipe kettle cooked potato chips 275g,$5.99 ,$5.99 ,"275 g, $2.18/100g",Chips & Snacks,/p/21240614_EA
"Pudding, Mango",$3.99 ,$3.99 ,"708 g, $0.56/100g",Chips & Snacks,/p/20595321_EA
Sriracha Splash Flavoured Potato Chips,$1.49 ,$1.49 ,"80 g, $1.86/100g",Chips & Snacks,/p/21288910_EA
Rice Cake Minis White Cheddar Flavoured Organic,$6.49 ,$6.49 ,"142 g, $4.57/100g",Chips & Snacks,/p/21453549_EA
"Tortilla Chips, Restaurant style",$5.49 ,$5.49 ,"530 g, $1.04/100g",Chips & Snacks,/p/20763199_EA
Rich and Chewy Chocolate Chip and Marshmallow Granola Bars,$2.79 ,$2.79 ,"120 g, $2.33/100g",Chips & Snacks,/p/21540699_EA
Dipps Cookies and Cream Flavour Granola Bars,$2.29 ,$2.49 ,"150 g, $1.53/100g",Chips & Snacks,/p/21185317_EA
Cream & Onion ridged flavoured potato chips,$3.99 ,$3.99 ,"165 g, $2.42/100g",Chips & Snacks,/p/21365045_EA
Sweet Mesquite BBQ Roasted Broad Beans,$2.99 ,$2.99 ,"85 g, $3.52/100g",Chips & Snacks,/p/21418114_EA
Fruitsations Unsweetened Strawberry Kiwi Apple Sauce,$3.29 ,$3.29 ,"6x111.0 g, $0.49/100g",Chips & Snacks,20324241008_EA
Organics Sea Salt Brown Rice Cakes,$2.99 ,$2.99 ,"120 g, $2.49/100g",Chips & Snacks,/p/21408855_EA
Fruit To Go Apple Strawberry Banana Carrot 100% Fruit Snack,$0.49 ,$0.49 ,"14 g, $3.50/100g",Chips & Snacks,/p/21118807_EA
Pretzel Sticks Cinnamon Sugar,$5.49 ,$5.49 ,"212 g, $2.59/100g",Chips & Snacks,/p/21398995_EA
"Popcorn, Smart Pop",$8.99 ,$8.99 ,"10x70.0 g, $1.28/100g",Chips & Snacks,/p/20630761_EA
Indian Snacks Chatpata Dal,$1.79 ,$1.79 ,"150 g, $1.19/100g",Chips & Snacks,/p/20303365_EA
"Veggie Chips, Sea Salt",$3.79 ,$3.79 ,"141 g, $2.69/100g",Chips & Snacks,/p/20971574_EA
"Gourmet Brown Rice Crisps, Sweet Chili",$4.49 ,$4.49 ,"156 g, $2.90/100g",Chips & Snacks,20320947001_EA
Potato Chips Sea Salt & Vinegar,$4.49 ,$4.49 ,"198 g, $2.27/100g",Chips & Snacks,/p/21520654_EA
Crispy Minis Salt & Vinegar flavour brown rice chips,$2.79 ,$2.79 ,"100 g, $2.79/100g",Chips & Snacks,20303002003_EA
Veggie Chips,$3.79 ,$3.79 ,"142 g, $2.67/100g",Chips & Snacks,/p/20650196_EA
Sea Salt Purple Kernel Corn Crisps,$2.49 ,$2.49 ,"110 g, $2.26/100g",Chips & Snacks,/p/21293930_EA
Corn Tostadas Jalapeño Flavor With Sea Salt,$3.49 ,$3.49 ,"350 g, $1.00/100g",Chips & Snacks,/p/21117797_EA
Very Verde Good Tortilla Chips  ,$5.49 ,$5.49 ,"155 g, $3.54/100g",Chips & Snacks,/p/20987658_EA
KitKat Snack Size,$2.29 ,$2.29 ,"112 g, $2.04/100g",Candy & Chocolate,/p/21430724_EA
KitKat Pops Milk Chocolaty Snacks Pouch,$5.29 ,$5.29 ,"170 g, $3.11/100g",Candy & Chocolate,/p/21506191_EA
KitKat Milk Chocolate Wafer Bars,$5.29 ,$5.29 ,"4x4.0 ea, $2.94/100g",Candy & Chocolate,/p/20322502_EA
KitKat Chunky Milk Chocolate Wafer Bars Multipack,$5.29 ,$5.29 ,"196 g, $2.70/100g",Candy & Chocolate,/p/21237345_EA
Dairy Milk Milk Chocolate Chocolate Bar,$2.50 ,$2.50 ,"100 g, $2.50/100g",Candy & Chocolate,20322193001_EA
Dairy Milk Fruit And Nut Chocolate Bar,$2.50 ,$2.50 ,"100 g, $2.50/100g",Candy & Chocolate,20024241001_EA
Milk Chocolate Bar,$1.00 ,$1.00 ,"100 g, $1.00/100g",Candy & Chocolate,/p/20580727_EA
Strawberry Twists Candy,$4.49 ,$4.49 ,"454 g, $0.99/100g",Candy & Chocolate,20022328004_EA
"Mini Halloween Assorted Bars, 50 Mini Bars",$11.49 ,$11.49 ,"505 g, $2.28/100g",Candy & Chocolate,/p/20966532_EA
KITKAT 4-Finger Milk Chocolate Bar,$1.49 ,$1.49 ,"45 g, $3.31/100g",Candy & Chocolate,/p/20066954_EA
Dairy Milk Hazelnut Chocolate Bar,$2.50 ,$2.50 ,"100 g, $2.50/100g",Candy & Chocolate,20688853002_EA
Milk Chocolate Covered Almonds,$6.00 ,$6.00 ,"340 g, $1.76/100g",Candy & Chocolate,/p/20000356_EA
Dairy Milk Mini Eggs Chocolate Bar,$2.50 ,$2.50 ,"100 g, $2.50/100g",Candy & Chocolate,/p/21379383_EA
"Aero Milk Chocolate Bar, Original",$1.49 ,$1.49 ,"42 g, $3.55/100g",Candy & Chocolate,/p/20306258_EA
"Variety, Halloween Chocolate Candy Bars, Assorted Fun Size Bars 50 Count",$14.99 ,$14.99 ,"601 g, $2.49/100g",Candy & Chocolate,/p/21452478_EA
Peanut Butter Cups Candy,$1.69 ,$1.69 ,"46 g, $3.67/100g",Candy & Chocolate,/p/20582012_EA
Dark Chocolate Bar,$1.00 ,$1.00 ,"100 g, $1.00/100g",Candy & Chocolate,/p/20580726_EA
Milk Chocolate Covered Almonds,$8.49 ,$8.49 ,"700 g, $1.21/100g",Candy & Chocolate,/p/20984524_EA
Milk Chocolate with Hazelnuts,$1.00 ,$1.00 ,"100 g, $1.00/100g",Candy & Chocolate,/p/21337890_EA
"SURPRISE® Milk Chocolate Eggs with Toys, Classic Edition, 1 egg",$1.79 ,$1.79 ,"20 g, $8.95/100g",Candy & Chocolate,/p/20038058_EA
"Excel Spearmint Flavoured Sugar Free Chewing Gum, 60 Pieces, 1 Bottle",$4.79 ,$4.79 ,"83 g, $5.77/100g",Candy & Chocolate,20310919002_EA
Coffee Crisp Original Chocolate Wafer Bar,$1.49 ,$1.49 ,"50 g, $2.98/100g",Candy & Chocolate,/p/20019964_EA
EXCELLENCE Sea Salt Dark Chocolate Bar,$4.49 ,$4.49 ,"100 g, $4.49/100g",Candy & Chocolate,20312527009_EA
"SURPRISE® Milk Chocolate Eggs with Toys, Pink Edition, 1 egg",$1.79 ,$1.79 ,"20 g, $8.95/100g",Candy & Chocolate,/p/20636155_EA
Super Nibs Cherry Candy,$4.49 ,$4.49 ,"400 g, $1.12/100g",Candy & Chocolate,20022328001_EA
"Excel Bubblemint Flavoured Sugar Free Chewing Gum, 60 Pieces, 1 Bottle",$4.79 ,$4.79 ,"83 g, $5.77/100g",Candy & Chocolate,20310919004_EA
"Excel Polar Ice Flavoured Sugar Free Chewing Gum, 60 Pieces, 1 Bottle",$4.79 ,$4.79 ,"83 g, $5.77/100g",Candy & Chocolate,/p/20253506_EA
White Chocolate,$1.00 ,$1.00 ,"100 g, $1.00/100g",Candy & Chocolate,/p/21337547_EA
"Assorted Halloween Chocolate, 120 Count",$22.99 ,$22.99 ,"1.23 kg, $1.87/100g",Candy & Chocolate,/p/20585392_EA
Dark Chocolate with Almonds,$1.00 ,$1.00 ,"100 g, $1.00/100g",Candy & Chocolate,/p/21337562_EA
Mixed Gummies,$1.00 ,$1.00 ,"125 g, $0.80/100g",Candy & Chocolate,/p/21219409_EA
Ice Cream Cups,$2.29 ,$2.29 ,"1 ea, $2.86/100g",Candy & Chocolate,/p/21203883_EA
"Peanut Free Chocolate Candy Bar, 10 Fun Size Bars",$2.29 ,$2.29 ,"130 g, $1.76/100g",Candy & Chocolate,/p/20937778_EA
"Aero Miniature Milk Chocolate Bars, 9 Pack",$2.29 ,$2.29 ,"66 g, $3.47/100g",Candy & Chocolate,/p/21427024_EA
"Peanut Free Chocolate Candy Bar, Full Size Bar",$1.49 ,$1.49 ,"52 g, $2.87/100g",Candy & Chocolate,/p/20695204_EA
EXCELLENCE 70% Cacao Dark Chocolate Bar,$4.49 ,$4.49 ,"100 g, $4.49/100g",Candy & Chocolate,20312527005_EA
Pull-N-Pull Cherry Candy,$4.49 ,$4.49 ,"396 g, $1.13/100g",Candy & Chocolate,20022328008_EA
Sugar Cones ,$3.49 ,$3.49 ,"142 g, $2.46/100g",Candy & Chocolate,/p/20340143_EA
Dairy Milk Almond Chocolate Bar,$2.50 ,$2.50 ,"100 g, $2.50/100g",Candy & Chocolate,/p/20033073_EA
Caramilk Original Chocolate Bar,$1.29 ,$1.29 ,"50 g, $2.58/100g",Candy & Chocolate,/p/20691851_EA
Smarties Candy Coated Milk Chocolate Carton,$1.49 ,$1.49 ,"45 g, $3.31/100g",Candy & Chocolate,/p/20844528_EA
Sour Patch Kids Soft Candy,$2.75 ,$2.75 ,"150 g, $1.83/100g",Candy & Chocolate,/p/21545554_EA
KitKat Chunky Milk Chocolate Wafer Bar,$1.49 ,$1.49 ,"49 g, $3.04/100g",Candy & Chocolate,/p/21237351_EA
"Mini Assorted KitKat, Coffee Crisp, Aero and Smarties Chocolate Bars",$2.29 ,$2.29 ,"96 g, $2.39/100g",Candy & Chocolate,/p/21427030_EA
Aero Milk Chocolate Bar,$5.29 ,$5.29 ,"4x4.0 ea, $3.15/100g",Candy & Chocolate,/p/20176136_EA
Chocolatey Full Size Candy Bar,$1.69 ,$1.69 ,"58 g, $2.91/100g",Candy & Chocolate,/p/20581797_EA
EXCELLENCE Caramel & Sea Salt Dark Chocolate Bar,$4.49 ,$4.49 ,"100 g, $4.49/100g",Candy & Chocolate,20312527015_EA
"Peanut Milk Chocolate Candy Bar, Full Size Bar",$1.49 ,$1.49 ,"52 g, $2.87/100g",Candy & Chocolate,/p/20638810_EA
"Chocolate, Peanut Butter Cups Snack Sized Candy",$2.29 ,$2.29 ,"124 g, $1.85/100g",Candy & Chocolate,/p/21333668_EA
Fuzzy Peach,$2.75 ,$2.75 ,"154 g, $1.79/100g",Candy & Chocolate,/p/21545735_EA
Waffle Cones  ,$5.29 ,$5.29 ,"1 ea, $2.58/100g",Candy & Chocolate,/p/21203795_EA
Reese Chocolate Minis Pouch,$5.49 ,$5.49 ,"210 g, $2.61/100g",Candy & Chocolate,20303970004_EA
Reese'S Pieces With Pretzel Candy,$5.49 ,$5.49 ,"170 g, $3.23/100g",Candy & Chocolate,/p/21431978_EA
Aero Peppermint Milk Chocolate Minis,$5.29 ,$5.29 ,"135 g, $3.92/100g",Candy & Chocolate,/p/21079067_EA
Wine Gums Candy,$3.29 ,$3.29 ,"200 g, $1.65/100g",Candy & Chocolate,/p/20879245_EA
Gummy Clusters Candy Rainbow,$3.29 ,$3.29 ,"142 g, $2.32/100g",Candy & Chocolate,/p/21520059_EA
Gummies Press'D Green Apple,$3.99 ,$3.99 ,"100 g, $3.99/100g",Candy & Chocolate,/p/21510875_EA
KitKat Hazelnut Crunch Wafer Bar,$2.49 ,$2.49 ,"120 g, $2.08/100g",Candy & Chocolate,/p/21237285_EA
Excellence Dark Chocolate With Mango Pieces And Almond Slivers Mango & Almond Dark,$4.49 ,$4.49 ,"100 g, $4.49/100g",Candy & Chocolate,/p/21521595_EA
"Fruity Lollipop Candy, 200 Pcs",$6.99 ,$6.99 ,"1100 g, $0.64/100g",Candy & Chocolate,/p/21530776_EA
SWISS CLASSIC Hazelnut Dark Chocolate Bar,$3.29 ,$3.29 ,"100 g, $3.29/100g",Candy & Chocolate,/p/21169319_EA
Caramilk Original Chocolate Bar,$5.29 ,$5.29 ,"4x50.0 g, $2.65/100g",Candy & Chocolate,/p/20690539_EA
Creamy Caramel Filled Hard Candy,$2.99 ,$2.99 ,"135 g, $2.21/100g",Candy & Chocolate,/p/20898814_EA
Gummies 5 Flavour    ,$3.29 ,$3.29 ,"180 g, $1.83/100g",Candy & Chocolate,20334374002_EA
Baci Dark Chocolate Praline With Hazelnuts ,$7.99 ,$7.99 ,"125 g, $6.39/100g",Candy & Chocolate,/p/21197487_EA
"Swedish Berries Candy, Crème Flavour",$2.75 ,$2.75 ,"154 g, $1.79/100g",Candy & Chocolate,/p/21545588_EA
Soft Éclair Caramel Candy,$2.99 ,$2.99 ,"116 g, $2.58/100g",Candy & Chocolate,/p/21525801_EA
Jersey Milk Chocolate,$1.29 ,$1.29 ,"45 g, $2.87/100g",Candy & Chocolate,/p/21028578_EA
"Excel Polar Ice Flavoured Sugar Free Chewing Gum, 18 Pieces, 3 Packs",$4.29 ,$4.29 ,"77 g, $5.57/100g",Candy & Chocolate,/p/21434999_EA
Caramels Covered In Rich European Chocolate On The Go Pack,$1.39 ,$1.39 ,"70 g, $1.99/100g",Candy & Chocolate,/p/21513687_EA
Dark Chocolate Covered Truffles,$5.99 ,$5.99 ,"155 g, $3.86/100g",Candy & Chocolate,/p/21405235_EA
Twists Black,$4.49 ,$4.49 ,"375 g, $1.20/100g",Candy & Chocolate,20022328005_EA
KitKat Pops Milk Chocolaty Snacks Pouch,$5.29 ,$5.29 ,"170 g, $3.11/100g",Candy & Chocolate,/p/21506191_EA
"Caramel Cookie Chocolate Candy Bar, 10 Fun Size Bars",$2.29 ,$2.29 ,"100 g, $2.29/100g",Candy & Chocolate,/p/20937709_EA
Sour Gummy Rings,$1.00 ,$1.00 ,"125 g, $0.80/100g",Candy & Chocolate,/p/21219523_EA
Sprinkle Chocolatey Dipped Sugar Cones,$5.29 ,$5.29 ,"150 g, $3.53/100g",Candy & Chocolate,/p/21524229_EA
Tiki Gold Hazelnut,$1.49 ,$1.49 ,"28 g, $5.32/100g",Candy & Chocolate,/p/21450222_EA
KitKat Chunky Milk Chocolate Wafer Bars Multipack,$5.29 ,$5.29 ,"196 g, $2.70/100g",Candy & Chocolate,/p/21237345_EA
Realfruit Tropical,$3.29 ,$3.29 ,"180 g, $1.83/100g",Candy & Chocolate,/p/21391731_EA
Caramel Syrup,$3.99 ,$3.99 ,"428 ml, $0.93/100ml",Candy & Chocolate,/p/20338077_EA
EXCELLENCE 70% Cacao Caramel & Sea Salt Dark Chocolate Bar,$5.79 ,$5.79 ,"100 g, $5.79/100g",Candy & Chocolate,/p/21357765_EA
"Gummi Candies, 40 Pack",$6.99 ,$6.99 ,"320 g, $2.18/100g",Candy & Chocolate,/p/21451496_EA
Mixed Gummies,$2.29 ,$2.29 ,"300 g, $0.76/100g",Candy & Chocolate,/p/20853170_EA
"CONFETTERIA RAFFAELLO Coconut Almond Specialty Bag, 8 Individually Wrapped Confections",$5.99 ,$5.99 ,"80 g, $7.49/100g",Candy & Chocolate,/p/21358721_EA
Milk Chocolate Covered Peanuts,$6.00 ,$6.00 ,"400 g, $1.50/100g",Candy & Chocolate,/p/20308219_EA
Sour Peach Flavoured Candy,$3.29 ,$3.29 ,"60 g, $5.48/100g",Candy & Chocolate,/p/21435250_EA
Orange Cream Pop Filled Twists Candy,$4.49 ,$4.49 ,"311 g, $1.44/100g",Candy & Chocolate,/p/21243937_EA
Twin Snakes Gummy Candies Sweet & Sour Share Size,$3.79 ,$3.79 ,"175 g, $2.17/100g",Candy & Chocolate,/p/21519559_EA
"Juicy Fruit, Fruit Flavoured Chewing Gum, 15 Sticks, 3 Pack",$4.79 ,$4.79 ,"3 ea, $1.60/1ea",Candy & Chocolate,20144069001_EA
Dark Chocolate Peppermint Patties,$2.29 ,$2.29 ,"136 g, $1.68/100g",Candy & Chocolate,/p/21333679_EA
Aero Truffle Nanaimo Pouch,$5.29 ,$5.29 ,"135 g, $3.92/100g",Candy & Chocolate,/p/21424950_EA
Birthday Cake Candy Bar,$2.79 ,$2.79 ,"95 g, $2.94/100g",Candy & Chocolate,/p/21407998_EA
Hazelnut in Caramel with Creamy Nougat And Chocolate Candy,$3.79 ,$3.79 ,"123 g, $3.08/100g",Candy & Chocolate,/p/20103822_EA
"ROLO Smooth Caramel Filled Pieces, 4-Pack",$5.29 ,$5.29 ,"208 g, $2.54/100g",Candy & Chocolate,/p/20838576_EA
Gummies Sours     ,$3.49 ,$3.49 ,"164 g, $2.13/100g",Candy & Chocolate,/p/21001232_EA
"Excel Mint Variety Flavoured Sugar Free Chewing Gum, 18 Pieces, 3 Packs",$4.29 ,$4.29 ,"75 g, $5.72/100g",Candy & Chocolate,/p/21434779_EA
70% Dark Chocolate Bar,$6.49 ,$6.49 ,"300 g, $2.16/100g",Candy & Chocolate,/p/20307295_EA
Halloween Scary Friends,$11.49 ,$11.49 ,"328 g, $3.50/100g",Candy & Chocolate,/p/21451527_EA
Gummies Press'D Green Apple,$3.99 ,$3.99 ,"100 g, $3.99/100g",Candy & Chocolate,/p/21510875_EA
KitKat Hazelnut Crunch Wafer Bar,$2.49 ,$2.49 ,"120 g, $2.08/100g",Candy & Chocolate,/p/21237285_EA
Realfruit Tropical,$3.29 ,$3.29 ,"180 g, $1.83/100g",Candy & Chocolate,/p/21391731_EA
Caramel Syrup,$3.99 ,$3.99 ,"428 ml, $0.93/100ml",Candy & Chocolate,/p/20338077_EA
Orange Cream Pop Filled Twists Candy,$4.49 ,$4.49 ,"311 g, $1.44/100g",Candy & Chocolate,/p/21243937_EA
"Swedish Berries Candy, Crème Flavour",$2.75 ,$2.75 ,"154 g, $1.79/100g",Candy & Chocolate,/p/21545588_EA
"Jelly Beans, Assorted Flavours",$6.49 ,$6.49 ,"255 g, $2.55/100g",Candy & Chocolate,/p/20966375_EA
Gummy Fish,$3.99 ,$3.99 ,"500 g, $0.80/100g",Candy & Chocolate,/p/21363903_EA
COFFEE CRISP 2-Pack Wafer Bars,$1.99 ,$1.99 ,"75 g, $2.65/100g",Candy & Chocolate,20299579001_EA
Dark Chocolate Covered Pistachios With Sea Salt,$6.00 ,$6.00 ,"200 g, $3.00/100g",Candy & Chocolate,/p/21356979_EA
Rainbow Strips Z!Ng Gummy Candies Share Size,$3.79 ,$3.79 ,"170 g, $2.23/100g",Candy & Chocolate,/p/21518077_EA
Candy Corn,$4.79 ,$4.79 ,"375 g, $1.28/100g",Candy & Chocolate,/p/20893336_EA
"Fruity Lollipop Candy, 200 Pcs",$6.99 ,$6.99 ,"1100 g, $0.64/100g",Candy & Chocolate,/p/21530776_EA
SWISS CLASSIC Hazelnut Dark Chocolate Bar,$3.29 ,$3.29 ,"100 g, $3.29/100g",Candy & Chocolate,/p/21169319_EA
Caramilk Original Chocolate Bar,$5.29 ,$5.29 ,"4x50.0 g, $2.65/100g",Candy & Chocolate,/p/20690539_EA
Creamy Caramel Filled Hard Candy,$2.99 ,$2.99 ,"135 g, $2.21/100g",Candy & Chocolate,/p/20898814_EA
Gummies 5 Flavour    ,$3.29 ,$3.29 ,"180 g, $1.83/100g",Candy & Chocolate,20334374002_EA
Baci Dark Chocolate Praline With Hazelnuts ,$7.99 ,$7.99 ,"125 g, $6.39/100g",Candy & Chocolate,/p/21197487_EA
"CONFETTERIA RAFFAELLO Coconut Almond Specialty Bag, 8 Individually Wrapped Confections",$5.99 ,$5.99 ,"80 g, $7.49/100g",Candy & Chocolate,/p/21358721_EA
Milk Chocolate Covered Peanuts,$6.00 ,$6.00 ,"400 g, $1.50/100g",Candy & Chocolate,/p/20308219_EA
Soft Éclair Caramel Candy,$2.99 ,$2.99 ,"116 g, $2.58/100g",Candy & Chocolate,/p/21525801_EA
Jersey Milk Chocolate,$1.29 ,$1.29 ,"45 g, $2.87/100g",Candy & Chocolate,/p/21028578_EA
"Excel Polar Ice Flavoured Sugar Free Chewing Gum, 18 Pieces, 3 Packs",$4.29 ,$4.29 ,"77 g, $5.57/100g",Candy & Chocolate,/p/21434999_EA
Caramels Covered In Rich European Chocolate On The Go Pack,$1.39 ,$1.39 ,"70 g, $1.99/100g",Candy & Chocolate,/p/21513687_EA
Dark Chocolate Covered Truffles,$5.99 ,$5.99 ,"155 g, $3.86/100g",Candy & Chocolate,/p/21405235_EA
Twists Black,$4.49 ,$4.49 ,"375 g, $1.20/100g",Candy & Chocolate,20022328005_EA
Sour Peach Flavoured Candy,$3.29 ,$3.29 ,"60 g, $5.48/100g",Candy & Chocolate,/p/21435250_EA
Sour Gummy Rings,$1.00 ,$1.00 ,"125 g, $0.80/100g",Candy & Chocolate,/p/21219523_EA
Tiki Gold Hazelnut,$1.49 ,$1.49 ,"28 g, $5.32/100g",Candy & Chocolate,/p/21450222_EA
KitKat Chunky Milk Chocolate Wafer Bars Multipack,$5.29 ,$5.29 ,"196 g, $2.70/100g",Candy & Chocolate,/p/21237345_EA
SWISS CLASSIC GRANDES Hazelnut Dark Chocolate Bar,$5.79 ,$5.79 ,"150 g, $3.86/100g",Candy & Chocolate,/p/21168894_EA
Aero Truffle Nanaimo Pouch,$5.29 ,$5.29 ,"135 g, $3.92/100g",Candy & Chocolate,/p/21424950_EA
Sprinkle Chocolatey Dipped Sugar Cones,$5.29 ,$5.29 ,"150 g, $3.53/100g",Candy & Chocolate,/p/21524229_EA
"Tropical Chewy Candy, Bag",$3.49 ,$3.49 ,"191 g, $1.83/100g",Candy & Chocolate,/p/20176684_EA
Twin Snakes Gummy Candies Sweet & Sour Share Size,$3.79 ,$3.79 ,"175 g, $2.17/100g",Candy & Chocolate,/p/21519559_EA
"Juicy Fruit, Fruit Flavoured Chewing Gum, 15 Sticks, 3 Pack",$4.79 ,$4.79 ,"3 ea, $1.60/1ea",Candy & Chocolate,20144069001_EA
Dark Chocolate Peppermint Patties,$2.29 ,$2.29 ,"136 g, $1.68/100g",Candy & Chocolate,/p/21333679_EA
KitKat Pops Milk Chocolaty Snacks Pouch,$5.29 ,$5.29 ,"170 g, $3.11/100g",Candy & Chocolate,/p/21506191_EA
Mixed Gummies,$2.29 ,$2.29 ,"300 g, $0.76/100g",Candy & Chocolate,/p/20853170_EA
"ROLO Smooth Caramel Filled Pieces, 4-Pack",$5.29 ,$5.29 ,"208 g, $2.54/100g",Candy & Chocolate,/p/20838576_EA
Gummies Sours     ,$3.49 ,$3.49 ,"164 g, $2.13/100g",Candy & Chocolate,/p/21001232_EA
EXCELLENCE Strawberry Dark Chocolate Bar,$4.49 ,$4.49 ,"100 g, $4.49/100g",Candy & Chocolate,/p/20701244_EA
"Hubba Bubba Mixed Fruit Flavoured Bubble Gum Variety Pack, 5 Pieces, 4 Packs",$4.79 ,$4.79 ,"160 g, $2.99/100g",Candy & Chocolate,/p/21166627_EA
Dark Chocolate  Acai & Blueberry,$5.49 ,$5.49 ,"235 g, $2.34/100g",Candy & Chocolate,/p/21079668_EA
Mini Cups ,$2.29 ,$2.29 ,"1 ea, $5.09/100g",Candy & Chocolate,/p/21203819_EA
"5 Wintermint-Ascent Flavoured Sugar Free Chewing Gum, 15 Sticks, 3 Packs",$5.29 ,$5.29 ,"3 ea, $1.76/1ea",Candy & Chocolate,/p/20737383_EA
"Mini Bars, Hazelnut",$4.99 ,$4.99 ,"152 g, $3.28/100g",Candy & Chocolate,/p/21101873_EA
Hershey's Dipped Pretzel,$5.49 ,$5.49 ,"170 g, $3.23/100g",Candy & Chocolate,/p/21353287_EA
Soft Strawberry Liquorice,$4.49 ,$4.49 ,"200 g, $2.25/100g",Candy & Chocolate,/p/21169449_EA
"Chocolate, Candy Peanut Butter Cups Family Pouch",$11.49 ,$11.49 ,"400 g, $2.87/100g",Candy & Chocolate,/p/20737600_EA
"Mints, Light Chocolate",$2.99 ,$2.99 ,"90 g, $3.74/100g",Candy & Chocolate,20250688003_EA
Original Gummies,$2.75 ,$2.75 ,"150 g, $1.83/100g",Candy & Chocolate,/p/21545553_EA
"Chocolate, Milk with Butter Biscuit & Cocoa Crème",$3.29 ,$3.79 ,"100 g, $3.29/100g",Candy & Chocolate,20609820001_EA
Sour Watermelon Soft Candy,$1.79 ,$1.79 ,"100 g, $1.79/100g",Candy & Chocolate,20300034003_EA
Gummy Sour Worms,$2.29 ,$2.29 ,"300 g, $0.76/100g",Candy & Chocolate,/p/20854070_EA
Syrup Indulgent Caramel Flavour,$5.99 ,$5.99 ,"623 g, $0.96/100g",Candy & Chocolate,/p/21496736_EA
Mini Waffle Bowls ,$5.29 ,$5.29 ,"1 ea, $3.92/100g",Candy & Chocolate,/p/21203791_EA
Crunch Chocolate Bar,$2.49 ,$2.49 ,"100 g, $2.49/100g",Candy & Chocolate,/p/21424955_EA
"5 Strawberry-Flood Flavoured Sugar Free Chewing Gum, 15 Sticks, 3 Packs",$5.29 ,$5.29 ,"45 ea, $0.12/1ea",Candy & Chocolate,/p/20899380_EA
"Wild Berry Gummy Candy, Bag",$3.49 ,$3.49 ,"165 g, $2.12/100g",Candy & Chocolate,/p/21424498_EA
Coffee Crisp Wafer Bars Multipack,$5.29 ,$5.29 ,"4x4.0 ea, $2.65/100g",Candy & Chocolate,/p/20323087_EA
"Peanut Milk Chocolate Candies, Sharing Bag",$9.49 ,$9.49 ,"400 g, $2.37/100g",Candy & Chocolate,20292958001_EA
Gummy Bears,$3.99 ,$3.99 ,"500 g, $0.80/100g",Candy & Chocolate,/p/21363866_EA
Vibes Sour Patch Kids Blue Raspberry,$4.49 ,$4.49 ,"40 ea, $0.11/1ea",Candy & Chocolate,/p/21513126_EA
KitKat Chunky Popcorn Wafer Bar,$1.49 ,$1.49 ,"48 g, $3.10/100g",Candy & Chocolate,/p/21353363_EA
Old Fashioned Butterscotch Ice Cream & Dessert Topping,$4.79 ,$4.79 ,"355 ml, $1.35/100ml",Candy & Chocolate,/p/20095745_EA
Wafer Bar Caramel Flavour,$1.00 ,$1.00 ,"41 g, $2.44/100g",Candy & Chocolate,/p/21535218_EA
Miniatures PEANUT BUTTER CUPS Candy,$13.49 ,$13.49 ,"900 g, $1.50/100g",Candy & Chocolate,/p/21102569_EA
Swedish Berries  Soft Candy,$8.99 ,$8.99 ,"816 g, $1.10/100g",Candy & Chocolate,/p/21210265_EA
Aero Truffle Salted Caramel Fudge Pouch,$5.29 ,$5.29 ,"135 g, $3.92/100g",Candy & Chocolate,/p/21424949_EA
Black Forest Cake,$2.49 ,$2.49 ,"105 g, $2.37/100g",Candy & Chocolate,/p/21237530_EA
"Peanut Butter Milk Chocolate Candies, Party Size Share Bag",$15.49 ,$15.49 ,"800 g, $1.94/100g",Candy & Chocolate,/p/21464569_EA
"Mini Milk Chocolate Candies, Sharing Bag",$5.29 ,$5.29 ,"200 g, $2.65/100g",Candy & Chocolate,/p/20873990_EA
Cookie N Cream Dipper Pretzel,$5.49 ,$5.49 ,"170 g, $3.23/100g",Candy & Chocolate,/p/21353296_EA
Halloween Candy,$4.79 ,$4.79 ,"454 g, $1.06/100g",Candy & Chocolate,/p/20967325_EA
Hershey’S Milk Chocolate Almond Stuffed With Skor Bar,$2.79 ,$2.79 ,"90 g, $3.10/100g",Candy & Chocolate,/p/21331850_EA
Dark Chocolate Almond Toffee Clusters,$5.29 ,$5.29 ,"100 g, $5.29/100g",Candy & Chocolate,/p/21527315_EA
Dark Chocolate with Marzipan,$3.29 ,$3.79 ,"100 g, $3.29/100g",Candy & Chocolate,/p/20888114_EA
Mixed Gummies,$3.99 ,$3.99 ,"500 g, $0.80/100g",Candy & Chocolate,/p/21363890_EA
Halloween Kisses,$6.99 ,$6.99 ,"600 g, $1.17/100g",Candy & Chocolate,/p/21214600_EA
Realfruit Tropical,$4.79 ,$4.79 ,"350 g, $1.37/100g",Candy & Chocolate,/p/21237130_EA
Realfruit Medley,$11.49 ,$11.49 ,"1 kg, $1.15/100g",Candy & Chocolate,/p/20836829_EA
Original Chocolate Turtles,$13.49 ,$13.49 ,"350 g, $3.85/100g",Candy & Chocolate,/p/21205166_EA
"Excel Strong Mint Flavoured Sugar Free Chewing Gum, 18 Pieces, 3 Packs",$4.29 ,$4.29 ,"77 g, $5.57/100g",Candy & Chocolate,/p/21434962_EA
"Peanut Milk Chocolate Candies, Bag",$1.49 ,$1.49 ,"49 g, $3.04/100g",Candy & Chocolate,20537838001_EA
TURTLES Minis Classic Recipe,$5.29 ,$5.29 ,"142 g, $3.73/100g",Candy & Chocolate,20733296001_EA
"Juicy Fruit Fruit Flavoured Chewing Gum, 18 Pieces, 3 Packs",$4.29 ,$4.29 ,"77 g, $5.57/100g",Candy & Chocolate,/p/21434992_EA
LINDOR Double Chocolate Truffles Bag,$8.99 ,$8.99 ,"150 g, $5.99/100g",Candy & Chocolate,/p/21357800_EA
Happy-Cola Gummy Candies Share Size,$3.79 ,$3.79 ,"175 g, $2.17/100g",Candy & Chocolate,/p/21519572_EA
Sweet & Sour Mix Intensely Chewy Candy,$3.99 ,$3.99 ,"90 g, $4.43/100g",Candy & Chocolate,/p/21380612_EA
Milk Chocolate Sea Salt,$8.99 ,$8.99 ,"150 g, $5.99/100g",Candy & Chocolate,/p/21390376_EA
LINDOR Hazelnut Milk Chocolate Truffles Bag,$8.99 ,$8.99 ,"150 g, $5.99/100g",Candy & Chocolate,/p/21390332_EA
Gummies Sours Berries Flavours,$3.29 ,$3.29 ,"182 g, $1.81/100g",Candy & Chocolate,/p/21510770_EA
"Coconut Milk Chocolate Minis, 10 Pack",$2.29 ,$2.29 ,"100 g, $2.29/100g",Candy & Chocolate,/p/21002058_EA
Halloween Peanut Butter Shapes 35ct,$12.49 ,$12.49 ,"595 g, $2.10/100g",Candy & Chocolate,/p/21452154_EA
Candy Cookies 'N' Creme,$2.79 ,$2.79 ,"108 g, $2.58/100g",Candy & Chocolate,/p/21452986_EA
Raisins,$1.79 ,$1.88 ,"105 g, $1.70/100g",Candy & Chocolate,/p/20084686_EA
"Sour Patch Kids, Watermelon",$2.75 ,$2.75 ,"154 g, $1.79/100g",Candy & Chocolate,/p/21545714_EA
SWISS CLASSIC GRANDES Almond White Chocolate Bar,$5.79 ,$5.79 ,"150 g, $3.86/100g",Candy & Chocolate,/p/21436301_EA
Sour Patch Kids Watermelon Soft Candy,$3.99 ,$3.99 ,"315 g, $1.27/100g",Candy & Chocolate,/p/21545794_EA
Dark Chocolate Pomegranate,$5.49 ,$5.49 ,"235 g, $2.34/100g",Candy & Chocolate,/p/21079682_EA
Suisse Milk Chocolate Bar With Honey Almond Nougat,$7.00 ,$7.00 ,"400 g, $1.75/100g",Candy & Chocolate,/p/20097883_EA
"Candies, Tangy Citrus",$2.99 ,$2.99 ,"90 g, $3.32/100g",Candy & Chocolate,20250688002_EA
"Juicy Fruit Original Flavoured Chewing Gum, 15 Pieces, 1 Pack",$2.19 ,$2.19 ,"1 ea, $2.19/1ea",Candy & Chocolate,/p/21235658_EA
Crispy Crunch Peanut Butter Chocolate Bar-Minis,$2.79 ,$2.79 ,"115 g, $2.43/100g",Candy & Chocolate,/p/20960330_EA
"Original Gummy Candy, Bag",$3.49 ,$3.49 ,"164 g, $2.13/100g",Candy & Chocolate,/p/21424499_EA
"Candy Bracelets, 40 Pieces",$6.99 ,$6.99 ,"400 g, $1.75/100g",Candy & Chocolate,/p/21451529_EA
Coffee Crisp Pumpkin Spice Latte Bar,$1.00 ,$1.00 ,"42 g, $2.38/100g",Candy & Chocolate,/p/21535130_EA
SWISS CLASSIC Milk Chocolate Bar,$3.29 ,$3.29 ,"100 g, $3.29/100g",Candy & Chocolate,20296856001_EA
Misfits Gummies Mer-Bears Candy,$3.29 ,$3.29 ,"182 g, $1.81/100g",Candy & Chocolate,/p/21194765_EA
SWISS CLASSIC Crunchy Milk Chocolate Bar,$3.29 ,$3.29 ,"100 g, $3.29/100g",Candy & Chocolate,/p/20701265_EA
SWISS CLASSIC White Chocolate Bar,$3.29 ,$3.29 ,"100 g, $3.29/100g",Candy & Chocolate,20296856003_EA
Chocolate Assorted Full-Sized Bars,$11.99 ,$16.49 ,"638 g, $1.88/100g",Candy & Chocolate,/p/21506185_EA
Wine Gums Assorted Soft Candy,$11.99 ,$11.99 ,"1 kg, $1.20/100g",Candy & Chocolate,/p/20097736_EA
PIECES Candy     ,$1.79 ,$1.79 ,"105 g, $1.70/100g",Candy & Chocolate,/p/20019218_EA
Candy Snack Size Bars,$19.99 ,$19.99 ,"1.17 kg, $1.71/100g",Candy & Chocolate,/p/21528420_EA
KitKat Gold Caramelized White Wafer Bar,$1.49 ,$1.49 ,"45 g, $3.31/100g",Candy & Chocolate,/p/21237342_EA
"Peanut Milk Chocolate Candies, Party Size Share Bag",$15.49 ,$15.49 ,"800 g, $1.94/100g",Candy & Chocolate,/p/21464572_EA
Bite Sized Pieces with Reese Peanut Butter,$5.49 ,$5.49 ,"180 g, $3.05/100g",Candy & Chocolate,/p/21235634_EA
Delicious Wafer Rolls Filled With Chocolate And Hazelnut,$8.99 ,$8.99 ,"300 g, $3.00/100g",Candy & Chocolate,/p/21453980_EA
EXCELLENCE Roasted Hazelnut Dark Chocolate Bar,$4.49 ,$4.49 ,"100 g, $4.49/100g",Candy & Chocolate,/p/21030581_EA
Dark Chocolate Bar 85% Cocoa Solids,$6.49 ,$6.49 ,"300 g, $2.16/100g",Candy & Chocolate,/p/21393762_EA
EXCELLENCE 70% Cacao Orange & Almond Dark Chocolate Bar,$5.79 ,$5.79 ,"100 g, $5.79/100g",Candy & Chocolate,/p/21357657_EA
Smarties Xxl Carton,$13.99 ,$13.99 ,"1 kg, $1.40/100g",Candy & Chocolate,/p/21383111_EA
Ice Peppermint Gum,$4.49 ,$4.49 ,"4 ea, $1.12/1ea",Candy & Chocolate,20310294005_EA
Riesen Soft Chocolate Caramel Candy,$2.99 ,$2.99 ,"135 g, $2.21/100g",Candy & Chocolate,/p/20898731_EA
Mints 5 Flavour     ,$3.29 ,$3.29 ,"150 g, $2.19/100g",Candy & Chocolate,20318268001_EA
"Wild Berry Gummy Candy, Sharing Bag",$5.79 ,$5.79 ,"280 g, $2.07/100g",Candy & Chocolate,/p/21424501_EA
No Sugar Added Caramel Hard Candy,$2.99 ,$2.99 ,"70 g, $4.27/100g",Candy & Chocolate,/p/20319903_EA
Smarties Candy Coated Milk Chocolate Pouch,$5.29 ,$5.29 ,"203 g, $2.61/100g",Candy & Chocolate,/p/20843031_EA
"Caramel Milk Chocolate Candies, Sharing Bag",$5.29 ,$5.29 ,"185 g, $2.86/100g",Candy & Chocolate,/p/21019172_EA
Candy Coated Milk Chocolate Eggs,$4.19 ,$4.19 ,"200 g, $2.10/100g",Candy & Chocolate,/p/21389638_EA
Tangfastics Gummy Candies Share Size,$3.79 ,$3.79 ,"175 g, $2.17/100g",Candy & Chocolate,/p/21519495_EA
"Sour Chewy Candy, Full Size Bag",$1.49 ,$1.49 ,"51 g, $2.92/100g",Candy & Chocolate,/p/20706492_EA
Sour Kicks Z!Ng Gummy Candies Share Size,$3.79 ,$3.79 ,"175 g, $2.17/100g",Candy & Chocolate,/p/21518071_EA
Splash Strawberry Kiwi,$4.49 ,$4.49 ,"3 pack, $1.50/1pk",Candy & Chocolate,20311772007_EA
EXCELLENCE Cranberry & Nuts Dark Chocolate Bar,$4.49 ,$4.49 ,"100 g, $4.49/100g",Candy & Chocolate,/p/21435920_EA
Realfruit Medley,$4.79 ,$4.79 ,"350 g, $1.37/100g",Candy & Chocolate,20550837001_EA
Skor Candy Bar,$5.49 ,$5.49 ,"156 g, $3.52/100g",Candy & Chocolate,/p/20323655_EA
Dark Chocolate Covered Almonds,$6.00 ,$6.00 ,"340 g, $1.76/100g",Candy & Chocolate,/p/20311287_EA
Lindor Milk Chocolate,$1.79 ,$1.79 ,"38 g, $4.71/100g",Candy & Chocolate,/p/21208006_EA
"DoubleMint Peppermint Flavoured Chewing Gum, 15 Sticks, 1 Pack",$2.19 ,$2.19 ,"1 ea, $2.19/1ea",Candy & Chocolate,20325458004_EA
Ruby Cocoa Bean Bar,$2.99 ,$2.99 ,"90 g, $3.32/100g",Candy & Chocolate,/p/21284728_EA
Coffee & Cream Chocolate Bar,$3.89 ,$3.89 ,"100 g, $3.89/100g",Candy & Chocolate,/p/21160529_EA
SWISS CLASSIC White Chocolate Bar,$3.29 ,$3.29 ,"100 g, $3.29/100g",Candy & Chocolate,20296856003_EA
Hershey’S Milk Chocolate Almond Stuffed With Skor Bar,$2.79 ,$2.79 ,"90 g, $3.10/100g",Candy & Chocolate,/p/21331850_EA
Mixed Gummies,$3.99 ,$3.99 ,"500 g, $0.80/100g",Candy & Chocolate,/p/21363890_EA
Halloween Kisses,$6.99 ,$6.99 ,"600 g, $1.17/100g",Candy & Chocolate,/p/21214600_EA
Realfruit Tropical,$4.79 ,$4.79 ,"350 g, $1.37/100g",Candy & Chocolate,/p/21237130_EA
"Candies, Tangy Citrus",$2.99 ,$2.99 ,"90 g, $3.32/100g",Candy & Chocolate,20250688002_EA
"Juicy Fruit Original Flavoured Chewing Gum, 15 Pieces, 1 Pack",$2.19 ,$2.19 ,"1 ea, $2.19/1ea",Candy & Chocolate,/p/21235658_EA
Original Chocolate Turtles,$13.49 ,$13.49 ,"350 g, $3.85/100g",Candy & Chocolate,/p/21205166_EA
Crispy Crunch Peanut Butter Chocolate Bar-Minis,$2.79 ,$2.79 ,"115 g, $2.43/100g",Candy & Chocolate,/p/20960330_EA
Sweet & Sour Mix Intensely Chewy Candy,$3.99 ,$3.99 ,"90 g, $4.43/100g",Candy & Chocolate,/p/21380612_EA
Chocolate Assorted Full-Sized Bars,$11.99 ,$16.49 ,"638 g, $1.88/100g",Candy & Chocolate,/p/21506185_EA
Wine Gums Assorted Soft Candy,$11.99 ,$11.99 ,"1 kg, $1.20/100g",Candy & Chocolate,/p/20097736_EA
Gummy Bears,$2.29 ,$2.29 ,"300 g, $0.76/100g",Candy & Chocolate,/p/20853169_EA
"Gummy Candies, Halloween Themed",$2.79 ,$2.79 ,"175 g, $1.59/100g",Candy & Chocolate,/p/21531082_EA
Splash Strawberry Kiwi,$4.49 ,$4.49 ,"3 pack, $1.50/1pk",Candy & Chocolate,20311772007_EA
KitKat Gold Caramelized White Wafer Bar,$1.49 ,$1.49 ,"45 g, $3.31/100g",Candy & Chocolate,/p/21237342_EA
Candy Coffee,$1.49 ,$1.49 ,"120 g, $1.24/100g",Candy & Chocolate,/p/21094799_EA
"Excel Polar Ice Flavoured Sugar Free Chewing Gum, 12 Pieces, 1 Pack",$1.49 ,$1.49 ,"12 ea, $0.12/1ea",Candy & Chocolate,20309672003_EA
Wine Gums Assorted Soft Candy,$4.49 ,$4.49 ,"315 g, $1.43/100g",Candy & Chocolate,/p/20188881_EA
Sour Cherry Flavoured Candy,$3.29 ,$3.29 ,"60 g, $5.48/100g",Candy & Chocolate,/p/21435248_EA
Candy Sour Big Chewy,$3.29 ,$3.29 ,"170 g, $1.94/100g",Candy & Chocolate,/p/21346733_EA
Sweet & Sour Mixed Gummies,$2.49 ,$2.49 ,"185 g, $1.35/100g",Candy & Chocolate,/p/21109283_EA
Candy Snack Size Bars,$12.49 ,$12.49 ,"513 g, $2.43/100g",Candy & Chocolate,/p/21528274_EA
Quality Street Share Bag,$6.49 ,$6.49 ,"190 g, $3.42/100g",Candy & Chocolate,/p/21351044_EA
Dairy Milk Four Pack Chocolate Bar,$5.29 ,$5.29 ,"4x42.0 g, $3.15/100g",Candy & Chocolate,/p/20741264_EA
Smarties Share Size    ,$1.99 ,$1.99 ,"75 g, $2.65/100g",Candy & Chocolate,/p/21242344_EA
Candy Snack Size Bars,$12.49 ,$12.49 ,"582 g, $2.15/100g",Candy & Chocolate,/p/21528277_EA
"DoubleMint Peppermint Flavoured , 15 Sticks, 3 Packs",$4.79 ,$4.79 ,"45 ea, $0.11/1ea",Candy & Chocolate,/p/20899240_EA
"Excel Winterfresh Flavoured Sugar Free Chewing Gum, 18 Pieces, 3 Packs",$4.29 ,$4.29 ,"77 g, $5.57/100g",Candy & Chocolate,/p/21434908_EA
Wafer Bar Dark,$7.49 ,$7.49 ,"164 g, $4.57/100g",Candy & Chocolate,/p/21547555_EA
Syrup Genuine Chocolate Flavour,$5.99 ,$5.99 ,"523 ml, $1.15/100ml",Candy & Chocolate,/p/21496953_EA
SWISS CLASSIC Gold Milk Chocolate Bar,$9.49 ,$9.49 ,"300 g, $3.16/100g",Candy & Chocolate,/p/21431178_EA
RealFruit Halloween Mix Pack,$11.99 ,$11.99 ,"600 g, $2.00/100g",Candy & Chocolate,/p/21450861_EA
"Juicy Fruit Chewing Gum, Mixies, 40 Pieces, 1 Bottle",$4.79 ,$4.79 ,"1 ea, $4.79/1ea",Candy & Chocolate,/p/21235659_EA
Toblerone Milk Chocolate Chocolate Bar,$2.79 ,$2.79 ,"100 g, $2.79/100g",Candy & Chocolate,/p/20763964_EA
Haunted House Halloween Kit,$20.99 ,$20.99 ,"834 g, $2.52/100g",Candy & Chocolate,/p/21451513_EA
Dark Chocolate Bar With Almonds,$6.49 ,$6.49 ,"300 g, $2.16/100g",Candy & Chocolate,/p/20303954_EA
Assorted Fun Sized Candies 140 Pieces,$22.99 ,$22.99 ,"1.69 kg, $22.99/1ea",Candy & Chocolate,/p/21453648_EA
Pieces Candy     ,$5.49 ,$5.49 ,"230 g, $2.39/100g",Candy & Chocolate,/p/20581796_EA
"SURPRISE® Milk Chocolate Eggs with Toys, Pink Edition, 3 Pack",$4.79 ,$4.79 ,"60 g, $7.98/100g",Candy & Chocolate,/p/20752047_EA
EXCELLENCE Raspberry Dark Chocolate Bar,$4.49 ,$4.49 ,"100 g, $4.49/100g",Candy & Chocolate,/p/21169026_EA
"BUENO Milk Chocolate and Hazelnut Cream Candy Bars, 3-pack, each Single Pack contains 2 Individually Wrapped Bars",$4.79 ,$4.79 ,"129 g, $3.71/100g",Candy & Chocolate,/p/20034514_EA
KitKat Minis,$8.99 ,$8.99 ,"380 g, $2.37/100g",Candy & Chocolate,/p/21080075_EA
"Chocolate, Peanut Butter Cups White Creme Thins",$5.49 ,$5.49 ,"165 g, $3.33/100g",Candy & Chocolate,/p/21332392_EA
"Milk Chocolate Candy Bites, Bag",$5.29 ,$5.29 ,"165 g, $3.21/100g",Candy & Chocolate,/p/20321547_EA
Gummies Original     ,$3.49 ,$3.49 ,"164 g, $2.13/100g",Candy & Chocolate,/p/21001357_EA
"5 Spearmint-Rain Flavoured Sugar Free Chewing Gum, 15 Sticks, 3 Packs",$5.29 ,$5.29 ,"3 ea, $1.76/1ea",Candy & Chocolate,20322908002_EA
Kitkat Chunky Minis Cello,$5.29 ,$5.29 ,"160 ea, $3.31/100ea",Candy & Chocolate,/p/21351050_EA
"Fine Hazelnut Chocolate, 3 Individually Wrapped Chocolates",$1.99 ,$1.99 ,"37.5 g, $5.31/100g",Candy & Chocolate,/p/20741445_EA
"Airs, Sour Fruit Gummy Candy, Sharing Bag",$3.49 ,$3.49 ,"121 g, $2.88/100g",Candy & Chocolate,/p/21517812_EA
Cross Brand Fun Treats Chocolate,$23.99 ,$23.99 ,"1.28 kg, $1.87/100g",Candy & Chocolate,/p/20885445_EA
Candy Peanut Butter Cups,$5.49 ,$5.49 ,"184 g, $2.98/100g",Candy & Chocolate,/p/20573405_EA
Aero Bubbles Milk Chocolate Minis Pouch,$13.99 ,$13.99 ,"800 g, $1.75/100g",Candy & Chocolate,/p/21355697_EA
Magic Shell Chocolate Flavoured Topping,$3.79 ,$3.79 ,"205 g, $1.85/100g",Candy & Chocolate,/p/20094400_EA
"Sour Chewy Candy, Bag",$3.49 ,$3.49 ,"151 g, $2.31/100g",Candy & Chocolate,20307863004_EA
Syrup Genuine Chocolate Flavour,$5.99 ,$5.99 ,"523 ml, $1.15/100ml",Candy & Chocolate,/p/21496953_EA
SWISS CLASSIC Gold Milk Chocolate Bar,$9.49 ,$9.49 ,"300 g, $3.16/100g",Candy & Chocolate,/p/21431178_EA
RealFruit Halloween Mix Pack,$11.99 ,$11.99 ,"600 g, $2.00/100g",Candy & Chocolate,/p/21450861_EA
"Juicy Fruit Chewing Gum, Mixies, 40 Pieces, 1 Bottle",$4.79 ,$4.79 ,"1 ea, $4.79/1ea",Candy & Chocolate,/p/21235659_EA
Toblerone Milk Chocolate Chocolate Bar,$2.79 ,$2.79 ,"100 g, $2.79/100g",Candy & Chocolate,/p/20763964_EA
Sour Cherry Flavoured Candy,$3.29 ,$3.29 ,"60 g, $5.48/100g",Candy & Chocolate,/p/21435248_EA
Candy Sour Big Chewy,$3.29 ,$3.29 ,"170 g, $1.94/100g",Candy & Chocolate,/p/21346733_EA
KitKat Sharing Bar,$1.99 ,$1.99 ,"73 g, $2.73/100g",Candy & Chocolate,/p/20574273_EA
Fire Cinnamon Gum,$4.49 ,$4.49 ,"4 ea, $1.12/1ea",Candy & Chocolate,20310294010_EA
Minis Chocolate Bar-Minis,$4.99 ,$4.99 ,"147 g, $3.39/100g",Candy & Chocolate,/p/21396796_EA
"DoubleMint Peppermint Flavoured , 15 Sticks, 3 Packs",$4.79 ,$4.79 ,"45 ea, $0.11/1ea",Candy & Chocolate,/p/20899240_EA
"Excel Winterfresh Flavoured Sugar Free Chewing Gum, 18 Pieces, 3 Packs",$4.29 ,$4.29 ,"77 g, $5.57/100g",Candy & Chocolate,/p/21434908_EA
Wafer Bar Dark,$7.49 ,$7.49 ,"164 g, $4.57/100g",Candy & Chocolate,/p/21547555_EA
Dark Chocolate Bar With Almonds,$6.49 ,$6.49 ,"300 g, $2.16/100g",Candy & Chocolate,/p/20303954_EA
Gummies Original     ,$3.49 ,$3.49 ,"164 g, $2.13/100g",Candy & Chocolate,/p/21001357_EA
Coffee Crisp Pops Chocolaty Snacks Pouch,$5.29 ,$5.29 ,"170 g, $3.11/100g",Candy & Chocolate,/p/21506189_EA
EXCELLENCE Raspberry Dark Chocolate Bar,$4.49 ,$4.49 ,"100 g, $4.49/100g",Candy & Chocolate,/p/21169026_EA
"BUENO Milk Chocolate and Hazelnut Cream Candy Bars, 3-pack, each Single Pack contains 2 Individually Wrapped Bars",$4.79 ,$4.79 ,"129 g, $3.71/100g",Candy & Chocolate,/p/20034514_EA
KitKat Minis,$8.99 ,$8.99 ,"380 g, $2.37/100g",Candy & Chocolate,/p/21080075_EA
"Chocolate, Peanut Butter Cups White Creme Thins",$5.49 ,$5.49 ,"165 g, $3.33/100g",Candy & Chocolate,/p/21332392_EA
Dinosaurs Gummy Candies Share Size,$3.79 ,$3.79 ,"175 g, $2.17/100g",Candy & Chocolate,/p/21519491_EA
Chocolate Cookies n Crème Kisses,$5.49 ,$5.49 ,"200 g, $2.75/100g",Candy & Chocolate,/p/20737480_EA
Candies Hard,$1.39 ,$1.39 ,"70 g, $1.99/100g",Candy & Chocolate,/p/21512466_EA
Chocolate Iconic Kisses Milk,$5.49 ,$5.49 ,"200 g, $2.75/100g",Candy & Chocolate,/p/20737738_EA
"World of Flavours Pistachio, Rose Flavour, and Sea Salt White Chocolate Dessert Bar",$2.99 ,$2.99 ,"100 g, $2.99/100g",Candy & Chocolate,/p/21459658_EA
Gummy Candies Pocket Size,$1.79 ,$1.79 ,"60 g, $2.98/100g",Candy & Chocolate,/p/21409688_EA
"Excel Spearmint Flavoured Sugar Free Soft Chew Gum, 15 Pieces, 1 Pack",$2.19 ,$2.19 ,"1 ea, $2.19/1ea",Candy & Chocolate,/p/21030111_EA
"Hubba Bubba Outrageous Original Flavoured Bubble Gum, 5 Pieces, 1 Pack",$1.39 ,$1.39 ,"1 ea, $1.39/1ea",Candy & Chocolate,/p/20700448_EA
Strawberry Chewy Candy,$1.79 ,$1.79 ,"58 g, $3.09/100g",Candy & Chocolate,/p/21221297_EA
Gummies  Duos 2 Flavours in 1 164 g,$3.49 ,$3.49 ,"164 g, $2.13/100g",Candy & Chocolate,/p/21355863_EA
"5 Peppermint-Cobalt Flavoured Sugar Free Chewing Gum, 15 Sticks, 1 Pack",$2.19 ,$2.19 ,"1 ea, $2.19/1ea",Candy & Chocolate,20315886001_EA
Big Chewy Candy,$3.29 ,$3.29 ,"170 g, $1.94/100g",Candy & Chocolate,/p/21346732_EA
Swedish Berries  Soft Candy,$3.99 ,$3.99 ,"315 g, $1.27/100g",Candy & Chocolate,/p/21545817_EA
"BUENO Milk Chocolate and Hazelnut Cream Candy Bars, Single Pack contains 2 Individually Wrapped Bars",$1.79 ,$1.79 ,"43 g, $4.16/100g",Candy & Chocolate,/p/20122562_EA
"Excel Peppermint Flavoured Sugar Free Soft Chew Gum, 15 Pieces, 1 Pack",$2.19 ,$2.19 ,"1 ea, $2.19/1ea",Candy & Chocolate,/p/21030129_EA
Crunchie  Chocolate Bar,$1.29 ,$1.29 ,"44 g, $2.93/100g",Candy & Chocolate,20688851002_EA
Peppermint,$1.69 ,$1.69 ,"37 g, $4.57/100g",Candy & Chocolate,20687593002_EA
"Excel Bubblemint Flavoured Sugar Free Chewing Gum, 18 Pieces, 3 Packs",$4.29 ,$4.29 ,"77 g, $5.57/100g",Candy & Chocolate,/p/21434943_EA
Cadbury Milk Chocolate Chocolate,$1.29 ,$1.29 ,"42 g, $3.07/100g",Candy & Chocolate,/p/20688643_EA
Lindor Sea Salt Milk Chocolate With A Delectably Smooth Caramel Flavoured Centre Caramel And Sea Salt,$3.29 ,$3.29 ,"100 g, $3.29/100g",Candy & Chocolate,/p/21505950_EA
"5 Spearmint-Rain Flavoured Sugar Free Chewing Gum, 35 Sticks, 1 Pack",$4.79 ,$4.79 ,"94.49 g, $5.07/100g",Candy & Chocolate,/p/21220909_EA
"Gum,  Fresh Mint with Green Tea Extract",$4.49 ,$4.49 ,"50 ea, $0.09/1ea",Candy & Chocolate,20698199001_EA
"Milk Chocolate Candy Bar, Single Bag",$1.49 ,$1.49 ,"37 g, $4.03/100g",Candy & Chocolate,/p/21002167_EA
Snack Sized Candy Bars,$2.29 ,$2.29 ,"120 g, $1.91/100g",Candy & Chocolate,/p/21333676_EA
KitKat Cookie Crumble Wafer Bar,$2.49 ,$2.49 ,"120 g, $2.08/100g",Candy & Chocolate,/p/21237306_EA
"Milk Chocolate, Toasted Coconut",$6.49 ,$6.49 ,"300 g, $2.16/100g",Candy & Chocolate,/p/21108259_EA
"Mints, Mint Candy, Tropical Adventure, 60 pills",$2.19 ,$2.19 ,"29 g, $7.55/100g",Candy & Chocolate,/p/21478482_EA
Milk Chewy Candy Original Flavour,$4.99 ,$4.99 ,"318 g, $1.57/100g",Candy & Chocolate,/p/21450214_EA
SWISS CLASSIC Dark Chocolate Bar,$3.29 ,$3.29 ,"100 g, $3.29/100g",Candy & Chocolate,/p/21169322_EA
Starmix Gummy Candies Share Size,$3.79 ,$3.79 ,"175 g, $2.17/100g",Candy & Chocolate,/p/21519517_EA
"Peanut Free Chocolate Candy Bites, Bag",$3.29 ,$3.29 ,"109 g, $3.02/100g",Candy & Chocolate,/p/20971615_EA
"Rice Krispies Treats Mini Squares, Halloween",$7.97 ,$7.97 ,"440 g, $1.81/100g",Candy & Chocolate,/p/20795842_EA
"Chocolate, Dark  with Peppermint Filling",$3.29 ,$3.79 ,"100 g, $3.29/100g",Candy & Chocolate,20217804011_EA
Soft Caramel And Crisped Rice In Milk Chocolate,$1.79 ,$1.79 ,"50 g, $3.58/100g",Candy & Chocolate,/p/21450230_EA
Creamy Milk Chocolate Family Size Bar,$2.79 ,$2.79 ,"100 g, $2.79/100g",Candy & Chocolate,/p/20313422_EA
Realfruit Sours,$3.29 ,$3.29 ,"180 g, $1.83/100g",Candy & Chocolate,/p/21391733_EA
Candy Wint-O-Green,$11.99 ,$11.99 ,"1.16 kg, $1.03/100g",Candy & Chocolate,/p/21363787_EA
Fuzzy Peach Peach Soft Candy,$1.79 ,$1.79 ,"100 g, $1.79/100g",Candy & Chocolate,20300034002_EA
Mr. Big Bar,$1.29 ,$1.29 ,"60 g, $2.15/100g",Candy & Chocolate,20688799001_EA
Truffle Brownie Bar,$2.49 ,$2.49 ,"105 g, $2.37/100g",Candy & Chocolate,/p/21506198_EA
Gummy Fish,$1.00 ,$1.00 ,"125 g, $0.80/100g",Candy & Chocolate,/p/21219320_EA
"5 Peppermint-Cobalt Flavoured Sugar Free Chewing Gum, 15 Sticks, 3 Packs",$5.29 ,$5.29 ,"3 ea, $1.76/1ea",Candy & Chocolate,20322908001_EA
Super Mix Sour Gummies,$6.29 ,$6.29 ,"350 g, $1.80/100g",Candy & Chocolate,/p/21163600_EA
Realjuicee Jumbo Gums,$5.49 ,$5.49 ,"818 g, $0.67/100g",Candy & Chocolate,/p/20857852_EA
Fuzzy Peach Soft Candy   ,$8.99 ,$8.99 ,"814 g, $1.10/100g",Candy & Chocolate,/p/21358649_EA
Smarties Candy Coated Milk Chocolate Multipack,$5.29 ,$5.29 ,"180 g, $2.94/100g",Candy & Chocolate,/p/20844209_EA
"Caramel Cookie Chocolate Candy Bar, 4 Full Size Bars",$4.99 ,$4.99 ,"200 g, $2.50/100g",Candy & Chocolate,/p/20308708_EA
Peaches Gummy Candies,$3.79 ,$3.79 ,"175 g, $2.17/100g",Candy & Chocolate,/p/21519539_EA
Jujubes,$2.29 ,$2.29 ,"400 g, $0.57/100g",Candy & Chocolate,/p/20853297_EA
"Tangy Tropical Chewy Candy, Bowl Size Bag",$5.79 ,$5.79 ,"320 g, $1.81/100g",Candy & Chocolate,/p/20866645_EA
Reese Minis Peanut Butter Cups Candy,$13.49 ,$13.49 ,"800 g, $1.69/100g",Candy & Chocolate,/p/21353373_EA
"Wint O Green Candy Mints, Bag",$3.29 ,$3.29 ,"150 g, $2.19/100g",Candy & Chocolate,20318268002_EA
"Original Gummy Candy, Sharing Bag",$5.79 ,$5.79 ,"280 g, $2.07/100g",Candy & Chocolate,/p/21424500_EA
"Caramel Cookie Chocolate Candy Bar, Full Size Bar",$1.49 ,$1.49 ,"50 g, $2.98/100g",Candy & Chocolate,/p/20695015_EA
Dark Chocolate  Acai & Blueberry,$10.49 ,$10.49 ,"595 g, $1.76/100g",Candy & Chocolate,/p/20797310_EA
Swedish Berries Candy,$2.75 ,$2.75 ,"154 g, $1.79/100g",Candy & Chocolate,/p/21545605_EA
Peanut Butter Syrup,$3.99 ,$3.99 ,"428 ml, $0.93/100ml",Candy & Chocolate,/p/21425620_EA
Caramel Hard Candy,$13.49 ,$13.49 ,"900 g, $1.50/100g",Candy & Chocolate,/p/21054002_EA
Ice Cream Cones,$2.29 ,$2.29 ,"1 ea, $3.05/100g",Candy & Chocolate,/p/21203830_EA
Milk Chocolate Bar With Almonds,$6.49 ,$6.49 ,"300 g, $2.16/100g",Candy & Chocolate,20425298002_EA
Milk Chocolate Bar ,$3.89 ,$3.89 ,"100 g, $3.89/100g",Candy & Chocolate,/p/21160514_EA
LINDOR White Chocolate Bar,$3.29 ,$3.29 ,"100 g, $3.29/100g",Candy & Chocolate,/p/21168649_EA
Extra Dark Chocolate,$2.99 ,$2.99 ,"100 g, $2.99/100g",Candy & Chocolate,/p/20321579_EA
Dark 72% Chocolate Bar,$3.89 ,$3.89 ,"100 g, $3.89/100g",Candy & Chocolate,/p/21160442_EA
Vibes Sour Patch Kids Red Berry,$4.49 ,$4.49 ,"40 ea, $0.11/1ea",Candy & Chocolate,/p/21512926_EA
"Peanut Butter Milk Chocolate Candies, Sharing Bag",$3.29 ,$3.29 ,"115 g, $2.86/100g",Candy & Chocolate,/p/21082066_EA
Milk Chocolate Caramels,$2.99 ,$2.99 ,"116 g, $2.58/100g",Candy & Chocolate,/p/21425418_EA
LINDOR Milk Chocolate Truffles Bag,$8.99 ,$8.99 ,"150 g, $5.99/100g",Candy & Chocolate,/p/21390291_EA
Assorted European Chocolates,$6.79 ,$6.79 ,"200 g, $3.40/100g",Candy & Chocolate,/p/20639825_EA
Dark Chocolate  Acai & Blueberry,$10.49 ,$10.49 ,"595 g, $1.76/100g",Candy & Chocolate,/p/20797310_EA
Swedish Berries Candy,$2.75 ,$2.75 ,"154 g, $1.79/100g",Candy & Chocolate,/p/21545605_EA
Big Headz,$2.75 ,$2.75 ,"154 g, $1.79/100g",Candy & Chocolate,/p/21545669_EA
"Candy, Gourmet Jelly Beans - Single Serve Assorted Flavours",$1.19 ,$1.19 ,"40 g, $2.98/100g",Candy & Chocolate,/p/20914094_EA
Ice Cream Cones,$2.29 ,$2.29 ,"1 ea, $3.05/100g",Candy & Chocolate,/p/21203830_EA
Milk Chocolate Bar With Almonds,$6.00 ,$6.00 ,"300 g, $2.00/100g",Candy & Chocolate,20425298002_EA
Sesame Bars With Honey,$0.79 ,$0.79 ,"30 g, $2.63/100g",Candy & Chocolate,/p/21434682_EA
Peanut Butter Syrup,$3.99 ,$3.99 ,"428 ml, $0.93/100ml",Candy & Chocolate,/p/21425620_EA
"Milk Chocolate Candy Bites, Sharing Bag",$15.99 ,$15.99 ,"650 g, $2.46/100g",Candy & Chocolate,/p/21464571_EA
Caramel Hard Candy,$13.49 ,$13.49 ,"900 g, $1.50/100g",Candy & Chocolate,/p/21054002_EA
Realfruit Sours,$4.79 ,$4.79 ,"350 g, $1.37/100g",Candy & Chocolate,/p/21391767_EA
"Mints, Mint Candy, Orange, 200 pills",$4.49 ,$4.49 ,"98 g, $4.58/100g",Candy & Chocolate,/p/20759316_EA
SWISS CLASSIC GRANDES Hazelnut Milk Chocolate Bar,$5.79 ,$5.79 ,"150 g, $3.86/100g",Candy & Chocolate,/p/21169315_EA
Gummies Press'D Watermelon,$3.99 ,$3.99 ,"100 g, $3.99/100g",Candy & Chocolate,/p/21510901_EA
"Wint O Green Candy Mints, Bag",$3.49 ,$3.49 ,"150 g, $2.33/100g",Candy & Chocolate,20318268002_EA
Aero Truffle Tiramisu,$2.49 ,$2.49 ,"105 g, $2.37/100g",Candy & Chocolate,/p/21351029_EA
Sours Citrus Burst,$3.19 ,$3.19 ,"180 g, $1.77/100g",Candy & Chocolate,/p/21436392_EA
"Excel Spearmint Flavoured Sugar Free Chewing Gum, 18 Pieces, 3 Packs",$4.29 ,$4.29 ,"77 g, $5.57/100g",Candy & Chocolate,/p/21434945_EA
Oreo Oreo Chocolate Bar,$2.75 ,$2.75 ,"95 g, $2.89/100g",Candy & Chocolate,/p/21182581_EA
Kitkat Gooey Double Chocolate Bar,$2.49 ,$2.49 ,"112 g, $2.22/100g",Candy & Chocolate,/p/21424951_EA
"Gum, Pure Fresh  Sugarfree Bubble Fresh, 50 Pieces",$4.49 ,$4.49 ,"50 ea, $0.09/1ea",Candy & Chocolate,/p/21246075_EA
Peanut Butter Bar,$2.79 ,$2.79 ,"120 g, $2.33/100g",Candy & Chocolate,/p/20683743_EA
Reese Minis Peanut Butter Cups Candy,$13.49 ,$13.49 ,"800 g, $1.69/100g",Candy & Chocolate,/p/21353373_EA
EXCELLENCE 90% Cacao Dark Chocolate Bar,$4.49 ,$4.49 ,"100 g, $4.49/100g",Candy & Chocolate,20312527010_EA
Assorted Licorice,$2.49 ,$2.49 ,"185 g, $1.35/100g",Candy & Chocolate,/p/21106842_EA
Crossbrands Fun Treats Soft Candy,$10.99 ,$10.99 ,"562 g, $1.96/100g",Candy & Chocolate,/p/20891515_EA
EXCELLENCE 95% Cacao Dark Chocolate Bar,$4.49 ,$4.49 ,"80 g, $5.61/100g",Candy & Chocolate,/p/21190200_EA
Realmint Candies Scotch Original,$5.49 ,$5.49 ,"730 g, $0.75/100g",Candy & Chocolate,/p/20938084_EA
Caramilk Minis Chocolate Pieces,$4.49 ,$5.29 ,"200 g, $2.25/100g",Candy & Chocolate,20839000001_EA
Dairy Milk Milk Chocolate Chocolate Bar-Minis,$4.49 ,$5.29 ,"152 g, $2.95/100g",Candy & Chocolate,/p/21101861_EA
Thins Peanut Butter Cups Milk Chocolate,$5.49 ,$5.49 ,"165 g, $3.33/100g",Candy & Chocolate,/p/21331874_EA
"SURPRISE® Milk Chocolate Eggs with Toys, Classic Edition, 3 Pack",$4.99 ,$4.99 ,"60 g, $8.32/100g",Candy & Chocolate,/p/20751031_EA
COOKIES 'N' CRÈME candy,$5.29 ,$5.29 ,"172 g, $3.08/100g",Candy & Chocolate,/p/20309056_EA
"BUENO Mini Milk Chocolate and Hazelnut Cream Candy Bars, Back contains 27 Individually Wrapped Pieces",$4.99 ,$4.99 ,"145 g, $3.44/100g",Candy & Chocolate,/p/21167341_EA
Green Apple Chewy Candy,$1.79 ,$1.79 ,"58 g, $3.09/100g",Candy & Chocolate,/p/21221312_EA
"Sour Patch Kids, Berries",$2.75 ,$2.75 ,"150 g, $1.83/100g",Candy & Chocolate,/p/21545647_EA
Naturally Flavoured Candy Original Fruit Gummies Medley,$7.29 ,$7.29 ,"450 g, $1.62/100g",Candy & Chocolate,/p/21525030_EA
Cherry Blasters,$2.75 ,$2.75 ,"154 g, $1.79/100g",Candy & Chocolate,/p/21545665_EA
Dirt and Worms Ice Cream and Dessert Topping,$3.29 ,$3.29 ,"100 g, $3.29/100g",Candy & Chocolate,/p/21425493_EA
Crunchie 4Pk,$4.49 ,$4.49 ,"176 g, $2.55/100g",Candy & Chocolate,/p/20299844_EA
"Original Chewy Candy, Sharing Bag",$3.79 ,$3.79 ,"191 g, $1.98/100g",Candy & Chocolate,20307203002_EA
Chewy Caramel Candy,$1.79 ,$1.79 ,"141 g, $1.27/100g",Candy & Chocolate,/p/20107322_EA
"Excel Bubblemint Flavoured Sugar Free Chewing Gum, 18 Pieces, 3 Packs",$4.29 ,$4.29 ,"77 g, $5.57/100g",Candy & Chocolate,/p/21434803_EA
"Fine Hazelnut Chocolate Gift Box, 16 Individually Wrapped Chocolates",$9.49 ,$9.49 ,"200 g, $4.75/100g",Candy & Chocolate,/p/20098034_EA
Assorted Gummy Candies Wiggly Worms,$2.29 ,$2.29 ,"120 g, $1.91/100g",Candy & Chocolate,/p/21451503_EA
Extra Dark Chocolate,$2.99 ,$2.99 ,"100 g, $2.99/100g",Candy & Chocolate,/p/20321579_EA
Dark 72% Chocolate Bar,$3.69 ,$3.69 ,"100 g, $3.69/100g",Candy & Chocolate,/p/21160442_EA
Vibes Sour Patch Kids Red Berry,$4.49 ,$4.49 ,"40 ea, $0.11/1ea",Candy & Chocolate,/p/21512926_EA
Milk Chocolate Caramels,$2.99 ,$2.99 ,"116 g, $2.58/100g",Candy & Chocolate,/p/21425418_EA
LINDOR Milk Chocolate Truffles Bag,$8.99 ,$8.99 ,"150 g, $5.99/100g",Candy & Chocolate,/p/21390291_EA
COOKIES 'N' CRÈME candy,$5.49 ,$5.49 ,"172 g, $3.19/100g",Candy & Chocolate,/p/20309056_EA
"TWIX Caramel Cookie Chocolate Candy Bar, King Size Bar",$1.79 ,$2.19 ,"85 g, $2.11/100g",Candy & Chocolate,20686572005_EA
EXCELLENCE 70% Cacao Raspberry & Hazelnut Dark Chocolate Bar,$5.79 ,$5.79 ,"100 g, $5.79/100g",Candy & Chocolate,/p/21357757_EA
Soft Caramels Pumpkin Spice Limited Edition,$5.79 ,$5.79 ,"250 g, $2.32/100g",Candy & Chocolate,/p/21449495_EA
"COLLECTION Fine Assorted Chocolates and Coconut Confections Gift Box, 15 Confections",$9.49 ,$9.49 ,"156 g, $6.08/100g",Candy & Chocolate,/p/20981575_EA
Jersey Milk Milk Chocolate Chocolate Bar,$2.50 ,$2.50 ,"100 g, $2.50/100g",Candy & Chocolate,/p/20974766_EA
Gummies Medley,$3.29 ,$3.29 ,"180 g, $1.83/100g",Candy & Chocolate,/p/21391610_EA
"Mints, Mint Candy, Fruit Adventure, 200 pills",$4.29 ,$4.29 ,"98 g, $4.38/100g",Candy & Chocolate,/p/20839406_EA
"Premium Chocolate Bar, White Hazelnut Bar",$4.29 ,$4.29 ,"90 g, $4.77/100g",Candy & Chocolate,/p/21428871_EA
"Pure Fresh, Spearmint",$4.49 ,$4.49 ,"50 ea, $0.09/1ea",Candy & Chocolate,20698199002_EA
Dark Chocolate Bar with Sea Salt,$2.99 ,$2.99 ,"100 g, $2.99/100g",Candy & Chocolate,/p/21195691_EA
Milk Chocolate Bar ,$3.89 ,$3.89 ,"100 g, $3.89/100g",Candy & Chocolate,/p/21160514_EA
Loads of Gummies & Candies Milk Chocolate Dessert Bar,$2.99 ,$2.99 ,"100 g, $2.99/100g",Candy & Chocolate,/p/21459636_EA
Level Up Single Bar,$1.69 ,$1.69 ,"42 g, $4.02/100g",Candy & Chocolate,/p/21333853_EA
Vibe Spearmint Rush,$4.29 ,$4.29 ,"40 ea, $0.11/1ea",Candy & Chocolate,/p/21107542_EA
70% Dark Chocolate,$2.99 ,$2.99 ,"100 g, $2.99/100g",Candy & Chocolate,/p/20313501_EA
Ice Peppermint Gum,$1.49 ,$1.49 ,"1 ea, $1.49/1ea",Candy & Chocolate,20692716003_EA
"Excel Peppermint Flavoured Sugar Free Chewing Gum, 12 Pieces, 1 Pack",$1.49 ,$1.49 ,"12 ea, $0.12/1ea",Candy & Chocolate,20309672001_EA
Ice Spearmint Gum,$1.49 ,$1.49 ,"1 ea, $1.49/1ea",Candy & Chocolate,20692716006_EA
Green Apple Chewy Candy,$1.79 ,$1.79 ,"58 g, $3.09/100g",Candy & Chocolate,/p/21221312_EA
"BUENO Mini Milk Chocolate and Hazelnut Cream Candy Bars, Back contains 27 Individually Wrapped Pieces",$4.79 ,$4.79 ,"145 g, $3.30/100g",Candy & Chocolate,/p/21167341_EA
"SURPRISE® Milk Chocolate Eggs with Toys, Classic Edition, 3 Pack",$4.79 ,$4.79 ,"60 g, $7.98/100g",Candy & Chocolate,/p/20751031_EA
Assorted European Chocolates,$6.79 ,$6.79 ,"200 g, $3.40/100g",Candy & Chocolate,/p/20639825_EA
Milk Chocolate Almond Toffee Clusters,$5.29 ,$5.29 ,"100 g, $5.29/100g",Candy & Chocolate,/p/21524631_EA
"Snickers Milk Chocolate Candy Bars, 2 Piece King Size Bars",$1.79 ,$2.19 ,"93 g, $1.92/100g",Candy & Chocolate,20686572003_EA
Syrup Delicious Strawberry Flavour,$5.99 ,$5.99 ,"472 ml, $1.27/100ml",Candy & Chocolate,/p/21494879_EA
Naturally Flavoured Candy Original Fruit Gummies Medley,$7.29 ,$7.29 ,"450 g, $1.62/100g",Candy & Chocolate,/p/21525030_EA
Cherry Blasters,$2.75 ,$2.75 ,"154 g, $1.79/100g",Candy & Chocolate,/p/21545665_EA
"Peanut Milk Chocolate Candies, Sharing Bag",$3.29 ,$3.29 ,"120 g, $2.74/100g",Candy & Chocolate,/p/20704280_EA
Dirt and Worms Ice Cream and Dessert Topping,$3.29 ,$3.29 ,"100 g, $3.29/100g",Candy & Chocolate,/p/21425493_EA
Crunchie 4Pk,$5.29 ,$5.29 ,"176 g, $3.01/100g",Candy & Chocolate,/p/20299844_EA
"Original Chewy Candy, Sharing Bag",$3.49 ,$3.49 ,"191 g, $1.83/100g",Candy & Chocolate,20307203002_EA
Chewy Caramel Candy,$1.79 ,$1.88 ,"141 g, $1.27/100g",Candy & Chocolate,/p/20107322_EA
EXCELLENCE Orange Intense Dark Chocolate Bar,$4.49 ,$4.49 ,"100 g, $4.49/100g",Candy & Chocolate,20312527007_EA
EXCELLENCE 100% Cacao Dark Chocolate Bar,$4.49 ,$4.49 ,"50 g, $8.98/100g",Candy & Chocolate,/p/21219577_EA
Fudge Swirl,$8.99 ,$8.99 ,"150 g, $5.99/100g",Candy & Chocolate,/p/21390399_EA
"Excel Bubblemint Flavoured Sugar Free Chewing Gum, 18 Pieces, 3 Packs",$4.29 ,$4.29 ,"77 g, $5.57/100g",Candy & Chocolate,/p/21434803_EA
"Fine Hazelnut Chocolate Gift Box, 16 Individually Wrapped Chocolates",$9.49 ,$9.49 ,"200 g, $4.75/100g",Candy & Chocolate,/p/20098034_EA
Mix COOKIES 'N' CRÈME candy,$1.69 ,$1.69 ,"43 g, $3.93/100g",Candy & Chocolate,20687591005_EA
"Excel excel Spearmint Flavoured Sugar Free Chewing Gum, 12 Pieces, 1 Pack",$1.49 ,$1.49 ,"12 ea, $0.12/1ea",Candy & Chocolate,20309672002_EA
Splash Strawberry Kiwi Gum,$4.29 ,$4.29 ,"40 ea, $0.11/1ea",Candy & Chocolate,20295887002_EA
Coffee Crisp Double Double Wafer Bar,$1.49 ,$1.49 ,"50 g, $2.98/100g",Candy & Chocolate,/p/21350920_EA
KitKat Chunky Drumstick Bar,$1.49 ,$1.49 ,"48 g, $3.10/100g",Candy & Chocolate,/p/21506194_EA
"Premium Chocolate Bar, Milk Chocolate and Hazelnut Bar",$4.29 ,$4.29 ,"90 g, $4.77/100g",Candy & Chocolate,/p/21428863_EA
Thins Peanut Butter Cups Milk Chocolate,$5.49 ,$5.49 ,"165 g, $3.33/100g",Candy & Chocolate,/p/21331874_EA
Caramel Hard Candy,$13.49 ,$13.49 ,"900 g, $1.50/100g",Candy & Chocolate,/p/21054002_EA
Splash Strawberry Kiwi Gum,$4.29 ,$4.29 ,"40 ea, $0.11/1ea",Candy & Chocolate,20295887002_EA
SWISS CLASSIC Gold Hazelnut Milk Chocolate Bar,$9.49 ,$9.49 ,"300 g, $3.16/100g",Candy & Chocolate,/p/21431182_EA
Peppermint Gum,$4.49 ,$4.49 ,"3 ea, $1.50/1ea",Candy & Chocolate,20323785003_EA
"Chocolate,  White with A Delectably Smooth Centre",$8.99 ,$8.99 ,"150 g, $5.99/100g",Candy & Chocolate,/p/21390372_EA
Dark Chocolate Covered Almonds,$8.49 ,$10.49 ,"700 g, $1.21/100g",Candy & Chocolate,/p/21311885_EA
LINDOR Milk Chocolate Truffles Bag,$12.49 ,$12.49 ,"240 g, $5.20/100g",Candy & Chocolate,/p/21358220_EA
Super Nibs Candy Cherry Family Bag,$6.99 ,$6.99 ,"623 g, $1.12/100g",Candy & Chocolate,/p/21527019_EA
Milk Chocolate Covered Raisins,$8.49 ,$10.49 ,"908 g, $0.94/100g",Candy & Chocolate,20308969002_EA
MISFITS Sour Gummies,$3.29 ,$3.29 ,"182 g, $1.81/100g",Candy & Chocolate,/p/21167176_EA
Cadbury Chocolate Burnt Almond Chocolate Bar,$2.50 ,$2.50 ,"100 g, $2.50/100g",Candy & Chocolate,/p/20638870_EA
Candy Clean Breath Wintergreen,$2.79 ,$2.79 ,"21 g, $13.29/100g",Candy & Chocolate,/p/21205843_EA
Lindor 70% Cacao Extra Dark,$8.99 ,$8.99 ,"150 g, $5.99/100g",Candy & Chocolate,/p/21390393_EA
Milk Chocolate with Almonds,$5.49 ,$5.49 ,"172 g, $3.19/100g",Candy & Chocolate,/p/20314550_EA
Assorted,$3.29 ,$3.29 ,"198 g, $1.66/100g",Candy & Chocolate,/p/20078139_EA
Swedish Berries Soft Candy,$1.79 ,$1.79 ,"100 g, $1.79/100g",Candy & Chocolate,20300034001_EA
"Classic Mix, Milk Chocolate, Peanut and Peanut Butter Flavoured Milk Chocolate Candies, Sharing Bag",$5.29 ,$5.29 ,"185 g, $2.86/100g",Candy & Chocolate,/p/21378227_EA
"Berry Chewy Candy, Bowl Size Bag",$5.79 ,$5.79 ,"320 g, $1.81/100g",Candy & Chocolate,/p/20638839_EA
Waffle Bowls,$5.29 ,$5.29 ,"1 ea, $2.58/100g",Candy & Chocolate,/p/21203798_EA
"Halloween Chocolate Mini, 55 Count",$10.99 ,$10.99 ,"330 g, $3.33/100g",Candy & Chocolate,/p/21103590_EA
"Fresh Mint Flavoured Mints, 4 Packs",$4.79 ,$4.79 ,"4 ea, $1.20/1ea",Candy & Chocolate,/p/20838500_EA
Mr Big Original Chocolate Bar-Minis,$2.79 ,$2.79 ,"110 g, $2.54/100g",Candy & Chocolate,/p/20960324_EA
Wafer Bar Hazelnut Flavour,$1.00 ,$1.00 ,"41 g, $2.44/100g",Candy & Chocolate,/p/21535137_EA
Milk Chocolate Mixed Nuts,$6.00 ,$6.00 ,"340 g, $1.76/100g",Candy & Chocolate,/p/21356975_EA
Soft Caramels Caramel Apple Limited Edition,$5.79 ,$5.79 ,"250 g, $2.32/100g",Candy & Chocolate,/p/21449486_EA
Chocolate Syrup,$3.99 ,$3.99 ,"428 ml, $0.93/100ml",Candy & Chocolate,/p/20339669_EA
"Nestlé Milk Chocolate, Peppermint",$2.49 ,$2.49 ,"95 g, $2.62/100g",Candy & Chocolate,/p/21080246_EA
SWISS CLASSIC Hazelnut Milk Chocolate Bar,$3.29 ,$3.29 ,"100 g, $3.29/100g",Candy & Chocolate,20296856002_EA
Triple Power,$2.29 ,$2.29 ,"1 ea, $2.29/1ea",Candy & Chocolate,/p/20073589_EA
Chewy Candies ,$2.79 ,$2.79 ,"150 g, $1.86/100g",Candy & Chocolate,/p/21508885_EA
Fruit,$4.19 ,$4.19 ,"4 ea, $1.05/1ea",Candy & Chocolate,/p/20706056_EA
Chewy Caramel Candy,$2.99 ,$2.99 ,"128 g, $2.34/100g",Candy & Chocolate,/p/20837121_EA
Candy Strawberry,$2.49 ,$2.49 ,"31 g, $8.03/100g",Candy & Chocolate,/p/21192750_EA
"Halloween Bueno Mini, 55Ct",$10.99 ,$10.99 ,"330 g, $3.33/100g",Candy & Chocolate,/p/21286275_EA
Goldbears Gummy Candies Share Size,$5.49 ,$5.49 ,"284 g, $1.93/100g",Candy & Chocolate,/p/21387490_EA
"Chocolate, Fun Size",$11.99 ,$11.99 ,"593 g, $2.02/100g",Candy & Chocolate,/p/21531172_EA
"Excel Peppermint Flavoured Sugar Free Chewing Gum, 18 Pieces, 3 Packs",$4.29 ,$4.29 ,"77 g, $5.57/100g",Candy & Chocolate,/p/21435037_EA
"Gummy Candies, 60 Mini Bags",$15.99 ,$15.99 ,"12 g, $133.25/100g",Candy & Chocolate,/p/21452379_EA
KitKat Pops Chocolaty Hazelnut Snacks Pouch,$5.29 ,$5.29 ,"160 g, $3.31/100g",Candy & Chocolate,/p/21506190_EA
LINDOR Milk Chocolate Truffles Box,$11.99 ,$11.99 ,"156 g, $7.69/100g",Candy & Chocolate,/p/20821554_EA
Halloween Uovo,$6.99 ,$6.99 ,"100 g, $6.99/100g",Candy & Chocolate,/p/20965318_EA
"Pudding, Mango Flavour    ",$4.99 ,$4.99 ,"708 g, $0.70/100g",Candy & Chocolate,/p/20871932_EA
Fuzzy Peach Peach Soft Candy,$3.99 ,$3.99 ,"308 g, $1.30/100g",Candy & Chocolate,/p/21545820_EA
Gummies Press'D Orange,$3.99 ,$3.99 ,"100 g, $3.99/100g",Candy & Chocolate,/p/21510593_EA
Baci Milk Chocolate Praline With Hazelnuts ,$7.99 ,$7.99 ,"125 g, $6.39/100g",Candy & Chocolate,/p/21197662_EA
Thins Peanut Butter Cups Dark Chocolate,$5.49 ,$5.49 ,"165 g, $3.33/100g",Candy & Chocolate,/p/21332391_EA
125ct Assorted Chocolate and Candy Value Bag,$19.99 ,$19.99 ,"1.08 kg, $1.85/100g",Candy & Chocolate,/p/21452188_EA
LINDOR Assorted Chocolate Truffles Bag,$12.49 ,$12.49 ,"240 g, $5.20/100g",Candy & Chocolate,/p/21358227_EA
Naturally Flavoured Candy Paradise Punch Gummies,$3.29 ,$3.29 ,"120 g, $2.74/100g",Candy & Chocolate,/p/21526188_EA
SWISS CLASSIC Hazelnut Milk Chocolate Bar,$3.29 ,$3.29 ,"100 g, $3.29/100g",Candy & Chocolate,20296856002_EA
Waffle Bowls,$5.29 ,$5.29 ,"1 ea, $2.58/100g",Candy & Chocolate,/p/21203798_EA
"Halloween Chocolate Mini, 55 Count",$10.99 ,$10.99 ,"330 g, $3.33/100g",Candy & Chocolate,/p/21103590_EA
Milk Chocolate Mixed Nuts,$6.00 ,$6.00 ,"340 g, $1.76/100g",Candy & Chocolate,/p/21356975_EA
Mr Big Original Chocolate Bar-Minis,$2.79 ,$2.79 ,"110 g, $2.54/100g",Candy & Chocolate,/p/20960324_EA
Aero Milk Chocolate 3-Piece Share Pack,$1.99 ,$1.99 ,"63 g, $0.03/1ea",Candy & Chocolate,/p/20691474_EA
"Milk Chocolate Candies, Sharing Bag",$3.29 ,$3.29 ,"120 g, $2.74/100g",Candy & Chocolate,/p/20704279_EA
Aero Peppermint King,$1.99 ,$1.99 ,"63 g, $3.16/100g",Candy & Chocolate,/p/21351063_EA
Cherry Blasters Soft Candy,$3.99 ,$3.99 ,"308 g, $1.30/100g",Candy & Chocolate,/p/21545802_EA
Gummy Worms,$2.29 ,$2.29 ,"300 g, $0.76/100g",Candy & Chocolate,/p/20853300_EA
Gummy Sour Worms ,$3.99 ,$3.99 ,"500 g, $0.80/100g",Candy & Chocolate,/p/21363882_EA
Caramel Hard Candy,$2.99 ,$2.99 ,"135 g, $2.21/100g",Candy & Chocolate,/p/20898717_EA
"Halloween Bueno Mini, 55Ct",$10.99 ,$10.99 ,"330 g, $3.33/100g",Candy & Chocolate,/p/21286275_EA
LINDOR Milk Chocolate Truffles Bag,$12.49 ,$12.49 ,"240 g, $5.20/100g",Candy & Chocolate,/p/21358220_EA
Super Nibs Candy Cherry Family Bag,$6.99 ,$6.99 ,"623 g, $1.12/100g",Candy & Chocolate,/p/21527019_EA
Milk Chocolate Covered Raisins,$8.49 ,$10.49 ,"908 g, $0.94/100g",Candy & Chocolate,20308969002_EA
Goldbears Gummy Candies Share Size,$5.49 ,$5.49 ,"284 g, $1.93/100g",Candy & Chocolate,/p/21387490_EA
"Chocolate, Fun Size",$11.99 ,$11.99 ,"593 g, $2.02/100g",Candy & Chocolate,/p/21531172_EA
"Excel Peppermint Flavoured Sugar Free Chewing Gum, 18 Pieces, 3 Packs",$4.29 ,$4.29 ,"77 g, $5.57/100g",Candy & Chocolate,/p/21435037_EA
"Gummy Candies, 60 Mini Bags",$15.99 ,$15.99 ,"12 g, $133.25/100g",Candy & Chocolate,/p/21452379_EA
Mixed Berries,$3.99 ,$3.99 ,"500 g, $0.80/100g",Candy & Chocolate,/p/21363905_EA
Nibs Cherry Candy,$4.49 ,$4.49 ,"400 g, $1.12/100g",Candy & Chocolate,20022328007_EA
No Sugar Added Caramel Chocolate Hard Candy,$3.29 ,$3.29 ,"60 g, $5.48/100g",Candy & Chocolate,/p/20968505_EA
Candy Clean Breath Peppermint,$2.79 ,$2.79 ,"21 g, $13.29/100g",Candy & Chocolate,/p/21204757_EA
"Peanut Free Chocolate Candy Bar, 2 Piece King Size Bars",$1.79 ,$2.19 ,"85 g, $2.11/100g",Candy & Chocolate,20686572002_EA
Realfruit Superfruits,$4.79 ,$4.79 ,"350 g, $1.37/100g",Candy & Chocolate,/p/21232292_EA
Gummy Worms,$3.99 ,$3.99 ,"500 g, $0.80/100g",Candy & Chocolate,/p/21363900_EA
Candy Clean Breath Wintergreen,$2.79 ,$2.79 ,"21 g, $13.29/100g",Candy & Chocolate,/p/21205843_EA
Lindor 70% Cacao Extra Dark,$8.99 ,$8.99 ,"150 g, $5.99/100g",Candy & Chocolate,/p/21390393_EA
Cotton Candy Syrup,$3.99 ,$3.99 ,"428 ml, $0.93/100ml",Candy & Chocolate,/p/21425536_EA
Gummies Candy,$6.79 ,$6.79 ,"355 g, $1.91/100g",Candy & Chocolate,/p/21522767_EA
Cookies 'N' Creme Snack Sized Candy Bars,$2.29 ,$2.29 ,"102 g, $2.25/100g",Candy & Chocolate,/p/21333677_EA
Salted Caramel Chocolate Bar,$2.50 ,$2.50 ,"100 g, $2.50/100g",Candy & Chocolate,/p/21424473_EA
Candy Rolls Assorted Flavours,$4.39 ,$4.39 ,"325 g, $1.35/100g",Candy & Chocolate,/p/21056784_EA
Fruit Bites,$2.19 ,$2.19 ,"170 g, $1.29/100g",Candy & Chocolate,/p/20944854_EA
"Chocolate,  White with A Delectably Smooth Centre",$8.99 ,$8.99 ,"150 g, $5.99/100g",Candy & Chocolate,/p/21390372_EA
Dark Chocolate Covered Almonds,$8.49 ,$10.49 ,"700 g, $1.21/100g",Candy & Chocolate,/p/21311885_EA
Dairy Milk Milk Chocolate Chocolate Bar,$4.99 ,$4.99 ,"200 g, $2.50/100g",Candy & Chocolate,/p/20140685_EA
Orginal,$5.29 ,$5.29 ,"4x60.0 g, $8.82/100g",Candy & Chocolate,p/21387533_C04
Kitkat Gooey Salted Caramel Bar,$2.49 ,$2.49 ,"112 g, $2.22/100g",Candy & Chocolate,/p/21424952_EA
Chocolate Mini Pouch,$5.49 ,$5.49 ,"191 g, $2.87/100g",Candy & Chocolate,/p/20545259_EA
Chocolatey Dipped Sugar Cones,$5.29 ,$5.29 ,"120 g, $4.41/100g",Candy & Chocolate,/p/21524232_EA
"Mints, Mint Candy, Orange, 60 pills per pack, 3 Count Multipack, 3x29g",$4.29 ,$4.29 ,"87 g, $4.93/100g",Candy & Chocolate,/p/21025816_EA
Smarties Snack Size Chocolate Candy Box,$2.29 ,$2.29 ,"90 g, $2.54/100g",Candy & Chocolate,/p/21483943_EA
Dark Chocolate Cranberries,$8.49 ,$10.49 ,"700 g, $1.21/100g",Candy & Chocolate,/p/21312334_EA
Triple Power,$2.29 ,$2.29 ,"1 ea, $2.29/1ea",Candy & Chocolate,/p/20073589_EA
Chewy Candies ,$2.79 ,$2.79 ,"150 g, $1.86/100g",Candy & Chocolate,/p/21508885_EA
Ice Intense Gum,$4.49 ,$4.49 ,"4 pack, $1.12/1ea",Candy & Chocolate,20310294007_EA
Candy Strawberry,$2.49 ,$2.49 ,"31 g, $8.03/100g",Candy & Chocolate,/p/21192750_EA
"Excel Peppermint Flavoured Mints, 1 Tin",$3.29 ,$3.29 ,"34 g, $9.68/100g",Candy & Chocolate,20305925003_EA
Reese'S Pieces With Milk Chocolate Candy,$5.49 ,$5.49 ,"170 g, $3.23/100g",Candy & Chocolate,/p/21431946_EA
EXCELLENCE Chili Dark Chocolate Bar,$4.49 ,$4.49 ,"100 g, $4.49/100g",Candy & Chocolate,20312527013_EA
Dark Chocolate Espresso Beans,$6.00 ,$6.00 ,"250 g, $2.40/100g",Candy & Chocolate,/p/21436316_EA
Rockets Candy Rolls,$11.99 ,$11.99 ,"1 kg, $1.20/100g",Candy & Chocolate,/p/21529566_EA
KitKat Cookie Dough Wafer Bar,$2.49 ,$2.49 ,"112 g, $2.22/100g",Candy & Chocolate,/p/21506196_EA
Milk Chocolate Bar,$6.49 ,$6.49 ,"300 g, $2.16/100g",Candy & Chocolate,/p/20298217_EA
Miniatures PEANUT BUTTER CUPS Candy,$5.49 ,$5.49 ,"230 g, $2.39/100g",Candy & Chocolate,/p/20637798_EA
"Mini Milk Chocolate Candies, Tube",$1.79 ,$2.19 ,"50 g, $3.58/100g",Candy & Chocolate,/p/20639903_EA
"Milk Chocolate Candies, Bowl Size Bag",$9.49 ,$9.49 ,"400 g, $2.37/100g",Candy & Chocolate,20292958002_EA
Aero Milk Chocolate Bar,$2.49 ,$2.49 ,"97 g, $2.57/100g",Candy & Chocolate,/p/20640580_EA
"Juicy Fruit ,Fruit Flavoured Chewing Gum, 15 Sticks, 1 Pack",$2.19 ,$2.19 ,"1 ea, $2.19/1ea",Candy & Chocolate,20325458001_EA
Qq Gummy Candy Lychee Flavour,$1.19 ,$1.19 ,"70 g, $1.70/100g",Candy & Chocolate,/p/21450209_EA
"World of Flavours Pineapple, Banana & Passionfruit Flavour Dark Chocolate Dessert Bar",$2.99 ,$2.99 ,"100 g, $2.99/100g",Candy & Chocolate,/p/21459684_EA
"5 Peppermint-Cobalt Flavoured Sugar Free Chewing Gum, 35 Sticks, 1 Pack",$4.79 ,$4.79 ,"94.49 g, $5.07/100g",Candy & Chocolate,/p/21220865_EA
EXCELLENCE Madagascar 70% Cacao Dark Chocolate Bar,$4.49 ,$4.49 ,"100 g, $4.49/100g",Candy & Chocolate,20312527012_EA
Gummies Sweet Tongue Twisters Candy,$3.29 ,$3.29 ,"182 g, $1.81/100g",Candy & Chocolate,/p/21219286_EA
Tiki Gold Coconut Craze,$1.49 ,$1.49 ,"30 g, $4.97/100g",Candy & Chocolate,/p/21450219_EA
Liquorice Allsorts Candy,$3.29 ,$3.29 ,"200 g, $1.65/100g",Candy & Chocolate,/p/20878994_EA
"Chocolate, Reese  Pieces with Peanut Pouch",$5.49 ,$5.49 ,"200 g, $2.75/100g",Candy & Chocolate,/p/21167003_EA
Alpine Milk Chocolate,$3.29 ,$3.79 ,"100 g, $3.29/100g",Candy & Chocolate,/p/20888112_EA
Coffee Crisp Snack Size,$2.29 ,$2.29 ,"108 g, $2.12/100g",Candy & Chocolate,/p/21430722_EA
Milk Chocolate Covered Almonds,$14.99 ,$14.99 ,"1.1 kg, $1.36/100g",Candy & Chocolate,/p/20185856_EA
"Rolo Mini, Reclosable Pack",$5.29 ,$5.29 ,"203 g, $2.61/100g",Candy & Chocolate,20298196003_EA
Candy bar,$5.49 ,$5.49 ,"232 g, $2.37/100g",Candy & Chocolate,/p/20573406_EA
Fun Treats Chocolate,$11.99 ,$11.99 ,"501 g, $2.39/100g",Candy & Chocolate,/p/20886750_EA
Original Mixed Gummies,$2.49 ,$2.49 ,"185 g, $1.35/100g",Candy & Chocolate,/p/21109299_EA
EXCELLENCE 78% Cacao Dark Chocolate Bar,$4.49 ,$4.49 ,"100 g, $4.49/100g",Candy & Chocolate,/p/21080393_EA
Milk Chocolate Dipped Pretzel,$5.49 ,$5.49 ,"170 g, $3.23/100g",Candy & Chocolate,/p/21353230_EA
Candy Snack Size Bars,$19.99 ,$19.99 ,"1000 g, $2.00/100g",Candy & Chocolate,/p/21528282_EA
Coffee Crisp Minis,$5.29 ,$5.29 ,"180 g, $2.94/100g",Candy & Chocolate,/p/21470557_EA
Spearmint Gum,$4.49 ,$4.49 ,"3 ea, $1.50/1ea",Candy & Chocolate,20323785001_EA
"Fine Hazelnut Chocolate Bag, 8 Individually Wrapped Chocolates",$5.99 ,$5.99 ,"100 g, $5.99/100g",Candy & Chocolate,/p/21358719_EA
Caramel White Chocolate Squares Bag,$8.99 ,$8.99 ,"142 g, $6.33/100g",Candy & Chocolate,/p/21357646_EA
"Chocolate, Milk  with Almonds",$2.79 ,$2.79 ,"100 g, $2.79/100g",Candy & Chocolate,20320606002_EA
"Original Chewy Candy, Bag",$3.49 ,$3.49 ,"191 g, $1.83/100g",Candy & Chocolate,20307863001_EA
Mini Chocolate Eggs,$4.99 ,$4.99 ,"170 g, $2.94/100g",Candy & Chocolate,/p/21520074_EA
Dark Chocolate Bars,$1.99 ,$1.99 ,"100 g, $1.99/100g",Candy & Chocolate,/p/20843039_EA
Ice Spearmint Gum,$4.49 ,$4.49 ,"4 ea, $1.12/1ea",Candy & Chocolate,20310294006_EA
Rainbow Sour Gummies,$2.49 ,$2.49 ,"300 g, $0.83/100g",Candy & Chocolate,/p/21219250_EA
Candy,$1.79 ,$1.88 ,"113 g, $1.58/100g",Candy & Chocolate,/p/20020019_EA
Original Mix Intensely Chewy Candy,$3.99 ,$3.99 ,"100 g, $3.99/100g",Candy & Chocolate,/p/21380659_EA
Jersey Milk,$5.29 ,$5.29 ,"180 g, $2.94/100g",Candy & Chocolate,/p/20692283_EA
Milk Chocolate Covered Truffles,$5.99 ,$5.99 ,"155 g, $3.86/100g",Candy & Chocolate,/p/21405210_EA
KitKat Minis Classic Wafer Bars Pouch,$5.29 ,$5.29 ,"180 g, $2.94/100g",Candy & Chocolate,/p/21080077_EA
Fruity Sours,$3.29 ,$3.29 ,"182 g, $1.81/100g",Candy & Chocolate,/p/21002804_EA
"Cookie Dough Chocolate Candy Bar, Full Size Bar",$1.99 ,$1.99 ,"44 g, $4.52/100g",Candy & Chocolate,/p/21516836_EA
"Mini Milk Chocolate Candies, Tube",$1.79 ,$2.19 ,"50 g, $3.58/100g",Candy & Chocolate,/p/20639903_EA
"Chocolate, Reese  Pieces with Peanut Pouch",$5.49 ,$5.49 ,"200 g, $2.75/100g",Candy & Chocolate,/p/21167003_EA
EXCELLENCE Madagascar 70% Cacao Dark Chocolate Bar,$4.49 ,$4.49 ,"100 g, $4.49/100g",Candy & Chocolate,20312527012_EA
"Peanut Butter Milk Chocolate Candies, Sharing Bag",$5.29 ,$5.29 ,"230 g, $2.30/100g",Candy & Chocolate,20309753002_EA
Sour Watermelon Syrup,$3.99 ,$3.99 ,"428 ml, $0.93/100ml",Candy & Chocolate,/p/21425564_EA
"Variety, Halloween Chocolate Candy Bars, Assorted Fun Size Bars 95 Count",$21.99 ,$21.99 ,"1.15 kg, $1.91/100g",Candy & Chocolate,/p/21452511_EA
"Rondnoir Fine Dark Chocolate Bag, 8 Individually Wrapped Chocolates",$5.99 ,$5.99 ,"80 g, $7.49/100g",Candy & Chocolate,/p/21358722_EA
Realhoppy Realjuicee Jelly Beans,$5.49 ,$5.49 ,"818 g, $0.67/100g",Candy & Chocolate,/p/20852299_EA
"Excel Fresh Mint Flavoured Mints, 1 Tin",$2.19 ,$2.19 ,"12.2 g, $17.95/100g",Candy & Chocolate,/p/20700011_EA
Rainbow Sour Gummies,$2.49 ,$2.49 ,"300 g, $0.83/100g",Candy & Chocolate,/p/21219250_EA
Candy,$1.79 ,$1.88 ,"113 g, $1.58/100g",Candy & Chocolate,/p/20020019_EA
Milk Chocolate Covered Almonds,$14.99 ,$14.99 ,"1.1 kg, $1.36/100g",Candy & Chocolate,/p/20185856_EA
"Rolo Mini, Reclosable Pack",$5.29 ,$5.29 ,"203 g, $2.61/100g",Candy & Chocolate,20298196003_EA
Original Mix Intensely Chewy Candy,$3.99 ,$3.99 ,"100 g, $3.99/100g",Candy & Chocolate,/p/21380659_EA
Candy bar,$5.49 ,$5.49 ,"232 g, $2.37/100g",Candy & Chocolate,/p/20573406_EA
Fun Treats Chocolate,$11.99 ,$11.99 ,"501 g, $2.39/100g",Candy & Chocolate,/p/20886750_EA
Original Mixed Gummies,$2.49 ,$2.49 ,"185 g, $1.35/100g",Candy & Chocolate,/p/21109299_EA
EXCELLENCE 78% Cacao Dark Chocolate Bar,$4.49 ,$4.49 ,"100 g, $4.49/100g",Candy & Chocolate,/p/21080393_EA
"Original Chewy Candy, Take Home Bag",$5.79 ,$5.79 ,"320 g, $1.81/100g",Candy & Chocolate,/p/21166612_EA
"Original Unwrapped Mini Chewy Candy, Sharing Bag",$3.49 ,$3.49 ,"191 g, $1.83/100g",Candy & Chocolate,/p/20700932_EA
Vanilla Soft Éclair Caramel Candy,$2.99 ,$2.99 ,"116 g, $2.58/100g",Candy & Chocolate,/p/21169331_EA
Goldbears Gummy Candies Share Size,$3.79 ,$3.79 ,"175 g, $2.17/100g",Candy & Chocolate,/p/21519578_EA
"Chocolate, Candy Dark Toffee Peanut Chew Full Size",$5.49 ,$5.49 ,"208 g, $2.64/100g",Candy & Chocolate,/p/20581363_EA
"Chocolate, Milk  with Whole Hazelnuts",$3.29 ,$3.79 ,"100 g, $3.29/100g",Candy & Chocolate,/p/21167994_EA
Soft Crème Caramel Candy,$2.99 ,$2.99 ,"128 g, $2.34/100g",Candy & Chocolate,/p/20836725_EA
Twists Candy Strawberry Family Bag,$6.99 ,$6.99 ,"680 g, $1.03/100g",Candy & Chocolate,/p/21527017_EA
"Airs, Original Fruit Gummy Candy, Sharing Bag",$3.49 ,$3.49 ,"121 g, $2.88/100g",Candy & Chocolate,/p/21517705_EA
Pouch,$5.49 ,$5.49 ,"270 g, $2.03/100g",Candy & Chocolate,/p/20330637_EA
Aero Peppermint Snack Size,$2.29 ,$2.29 ,"88 g, $2.60/100g",Candy & Chocolate,/p/21427026_EA
Caramilk Original Chocolate Bar,$2.50 ,$2.50 ,"100 g, $2.50/100g",Candy & Chocolate,/p/20691626_EA
Peach Rings,$2.29 ,$2.29 ,"300 g, $0.76/100g",Candy & Chocolate,/p/20853309_EA
"Cookie Dough Chocolate Candy Bar, 2 King Size Bars",$2.99 ,$2.99 ,"89 g, $3.36/100g",Candy & Chocolate,/p/21520803_EA
Truffle Milk Chocolate Tablet,$2.49 ,$2.49 ,"105 g, $2.37/100g",Candy & Chocolate,/p/21237534_EA
Milk Chocolate Dipped Pretzel,$5.49 ,$5.49 ,"170 g, $3.23/100g",Candy & Chocolate,/p/21353230_EA
Candy Snack Size Bars,$19.99 ,$19.99 ,"1000 g, $2.00/100g",Candy & Chocolate,/p/21528282_EA
Coffee Crisp Minis,$5.29 ,$5.29 ,"180 g, $2.94/100g",Candy & Chocolate,/p/21470557_EA
Spearmint Gum,$4.49 ,$4.49 ,"3 ea, $1.50/1ea",Candy & Chocolate,20323785001_EA
"Original Chewy Candy, Bag",$3.49 ,$3.49 ,"191 g, $1.83/100g",Candy & Chocolate,20307863001_EA
Mini Chocolate Eggs,$4.99 ,$4.99 ,"170 g, $2.94/100g",Candy & Chocolate,/p/21520074_EA
Dark Chocolate Bars,$1.99 ,$1.99 ,"100 g, $1.99/100g",Candy & Chocolate,/p/20843039_EA
"Gum, Ice Sugar-Free  Assorted (Case)",$4.49 ,$4.49 ,"4 ea, $1.12/1ea",Candy & Chocolate,20310294008_EA
Tropical Hard Candy,$3.29 ,$3.29 ,"198 g, $1.66/100g",Candy & Chocolate,/p/21332398_EA
Caramels,$6.99 ,$6.99 ,"700 g, $1.00/100g",Candy & Chocolate,/p/20969203_EA
"Fine Hazelnut Chocolate Bag, 8 Individually Wrapped Chocolates",$5.99 ,$5.99 ,"100 g, $5.99/100g",Candy & Chocolate,/p/21358719_EA
Reese'S Pieces With Caramel Flavoured Chocolate Candy,$5.49 ,$5.49 ,"170 g, $3.23/100g",Candy & Chocolate,/p/21431954_EA
Peanuts,$1.79 ,$1.79 ,"105 g, $1.70/100g",Candy & Chocolate,/p/20349460_EA
Caramel White Chocolate Squares Bag,$8.99 ,$8.99 ,"142 g, $6.33/100g",Candy & Chocolate,/p/21357646_EA
"Chocolate, Milk  with Almonds",$2.79 ,$2.79 ,"100 g, $2.79/100g",Candy & Chocolate,20320606002_EA
Caramilk Salted Caramel Chocolate Bar,$1.29 ,$1.29 ,"50 g, $2.58/100g",Candy & Chocolate,/p/21424471_EA
"Peanut Milk Chocolate Candy Bars, 10 Fun Size Bars",$2.29 ,$2.29 ,"130 g, $1.76/100g",Candy & Chocolate,/p/20937705_EA
Swedish Berries Tropical Soft Candy,$3.99 ,$3.99 ,"315 g, $1.27/100g",Candy & Chocolate,/p/21545814_EA
"Fire Gum, Cinnamon",$4.29 ,$4.29 ,"60 ea, $0.07/1ea",Candy & Chocolate,20295887001_EA
"Excel Peppermint Flavoured Sugar Free Soft Chew Gum, 40 Pieces, 1 Bottle",$4.79 ,$4.79 ,"1 ea, $4.79/1ea",Candy & Chocolate,/p/21030110_EA
Misfits Gummies Candy Sour,$5.99 ,$5.99 ,"355 g, $1.69/100g",Candy & Chocolate,/p/21522760_EA
Dairy Milk Salted Caramel Chocolate Bar,$2.50 ,$2.50 ,"95 g, $2.63/100g",Candy & Chocolate,/p/21338295_EA
Dairy Milk Vanilla Creme Chocolate Bar,$2.50 ,$2.50 ,"95 g, $2.63/100g",Candy & Chocolate,/p/21338288_EA
"Almond Milk Chocolate Candies, Sharing Bag",$5.29 ,$5.29 ,"185 g, $2.86/100g",Candy & Chocolate,/p/21079787_EA
Assorted Fun Sized Candies 120 Pieces,$22.99 ,$22.99 ,"1.44 kg, $1.60/100g",Candy & Chocolate,/p/21452513_EA
Natural Liquorice,$4.49 ,$4.49 ,"200 g, $2.25/100g",Candy & Chocolate,/p/21169432_EA
Ice Spearmint Gum,$4.29 ,$4.29 ,"60 ea, $0.07/1ea",Candy & Chocolate,20295887003_EA
"Original Chewy Candy, Full Size Bag",$1.49 ,$1.49 ,"1 ea, $1.49/1ea",Candy & Chocolate,20686198001_EA
"Excel Winterfresh Flavoured Sugar Free Chewing Gum, 12 Pieces, 4 Packs",$1.49 ,$1.49 ,"1 ea, $1.49/1ea",Candy & Chocolate,/p/20691340_EA
"Creamy Milk Chocolate With Whole Almonds, Full Size Bar",$1.69 ,$1.69 ,"43 g, $3.93/100g",Candy & Chocolate,20687591001_EA
"Excel Peppermint Flavoured Sugar Free Chewing Gum, 60 Pieces, 1 Bottle",$4.79 ,$4.79 ,"1 ea, $4.79/1ea",Candy & Chocolate,/p/20545872_EA
Goldfish  Cheddar,$2.79 ,$2.79 ,"200 g, $1.40/100g",Crackers & Cookies,/p/20300320_EA
Bear Paws Chocolate Chip Cookies,$3.49 ,$3.49 ,"240 g, $1.45/100g",Crackers & Cookies,/p/21080791_EA
Oreo Original Cookies,$2.99 ,$2.99 ,"270 g, $1.11/100g",Crackers & Cookies,/p/21358407_EA
Celebration Milk Chocolate Butter Cookies,$2.99 ,$2.99 ,"240 g, $1.25/100g",Crackers & Cookies,/p/20965372_EA
Boost High Protein Chocolate Meal Replacement Drink,$12.99 ,$12.99 ,"6x237.0 ml, $0.91/100ml",Crackers & Cookies,p/20986348_C06
Original Crackers,$2.99 ,$2.99 ,"180 g, $1.66/100g",Crackers & Cookies,/p/21547034_EA
Bear Paws Banana Bread Cookies,$3.49 ,$3.49 ,"240 g, $1.45/100g",Crackers & Cookies,/p/21080779_EA
The Decadent Chocolate Chip Cookie,$4.49 ,$4.49 ,"300 g, $1.50/100g",Crackers & Cookies,/p/20612257_EA
Oreo Snak Pak Cookies,$3.49 ,$3.49 ,"180 g, $1.94/100g",Crackers & Cookies,20311777002_EA
Boost Original Strawberry Meal Replacement Drink,$12.99 ,$12.99 ,"6x237.0 ml, $0.91/100ml",Crackers & Cookies,0304429005_C06
Goldfish  Colours,$2.79 ,$2.79 ,"180 g, $1.55/100g",Crackers & Cookies,20306994003_EA
Bear Paws Brownie Cookies,$3.49 ,$3.49 ,"240 g, $1.45/100g",Crackers & Cookies,/p/21080777_EA
Premium Plus Salted Crackers,$4.49 ,$4.49 ,"450 g, $1.00/100g",Crackers & Cookies,/p/21109004_EA
Cheese Crackers,$2.99 ,$2.99 ,"180 g, $1.66/100g",Crackers & Cookies,/p/20686003_EA
Boost Diabetic Chocolate Nutritional Supplement Drink,$12.99 ,$12.99 ,"6x237.0 ml, $0.91/100ml",Crackers & Cookies,p/20990880_C06
"Ritz Crackers, Cheese",$2.99 ,$2.99 ,"304 g, $0.98/100g",Crackers & Cookies,/p/20106374_EA
Traditional Naan Dippers,$3.49 ,$3.49 ,"200 g, $1.75/100g",Crackers & Cookies,/p/21092033_EA
Chips Ahoy! Snak Pak Cookies,$3.49 ,$3.49 ,"180 g, $1.94/100g",Crackers & Cookies,20311777001_EA
Toppables  Crackers,$2.99 ,$2.99 ,"386 g, $0.77/100g",Crackers & Cookies,/p/21449871_EA
Simply+ Nutritional Supplement Vanilla,$12.99 ,$12.99 ,"325 ml, $4.00/100ml",Crackers & Cookies,p/21499827_C04
Bear Paws Birthday Cake Cookies,$3.49 ,$3.49 ,"168 g, $2.08/100g",Crackers & Cookies,/p/21014107_EA
Chips Ahoy! Original Cookies,$2.99 ,$2.99 ,"258 g, $1.16/100g",Crackers & Cookies,/p/21361508_EA
Goldfish  Flavour Blasted  Xtreme Cheddar,$2.79 ,$2.79 ,"180 g, $1.55/100g",Crackers & Cookies,/p/20545560_EA
Sesame Rice Crackers,$1.49 ,$1.49 ,"100 g, $1.49/100g",Crackers & Cookies,20297188006_EA
"Pretzel Crisps, Original",$5.49 ,$5.49 ,"200 g, $2.75/100g",Crackers & Cookies,/p/20948940_EA
Goldfish Cheddar (6 Pack),$2.79 ,$2.79 ,"6x28.0 g, $1.66/100g",Crackers & Cookies,/p/20322719_EA
Baked Original Snack Crackers   ,$3.39 ,$3.39 ,"200 g, $1.70/100g",Crackers & Cookies,/p/21214560_EA
Celebration Caramel Milk Chocolate Cookies,$2.99 ,$2.99 ,"240 g, $1.25/100g",Crackers & Cookies,20853797001_EA
Triscuit Original Crackers,$2.99 ,$2.99 ,"200 g, $1.50/100g",Crackers & Cookies,/p/21030647_EA
Bear Paws Rainbow Chip Cookies,$3.49 ,$3.49 ,"240 g, $1.45/100g",Crackers & Cookies,/p/21283252_EA
"All Dressed Crackers, School Snacks",$2.79 ,$2.79 ,"145 g, $1.92/100g",Crackers & Cookies,/p/21358333_EA
Oreo Chocolate Sandwich Cookies Double Stuf,$2.99 ,$2.99 ,"261 g, $1.15/100g",Crackers & Cookies,/p/21358406_EA
Goldfish  Flavour Blasted  Xplosive Pizza Flavoured,$2.79 ,$2.79 ,"180 g, $1.55/100g",Crackers & Cookies,20032311001_EA
Sea Salt Crackers,$2.99 ,$2.99 ,"185 g, $1.62/100g",Crackers & Cookies,20603888003_EA
Salted Tops Soda Crackers,$1.88 ,$2.00 ,"454 g, $0.41/100g",Crackers & Cookies,/p/20795392_EA
Breton Garden Vegetable Crackers,$3.49 ,$3.49 ,"200 g, $1.75/100g",Crackers & Cookies,/p/21520682_EA
Crispy Minis All Dressed Flavour Brown Rice Chips,$2.79 ,$2.79 ,"100 g, $2.79/100g",Crackers & Cookies,/p/21427917_EA
Breton Original Crackers,$3.49 ,$3.49 ,"200 g, $1.75/100g",Crackers & Cookies,/p/21520666_EA
Goldfish  Cheese Trio,$2.79 ,$2.79 ,"200 g, $1.40/100g",Crackers & Cookies,20032311003_EA
"Crunch, Sharp White Cheddar, Baked Snack Crackers",$3.39 ,$3.39 ,"191 g, $1.77/100g",Crackers & Cookies,/p/21214559_EA
"Good Thins Rice Crackers, Simply Salt",$3.49 ,$3.49 ,"100 g, $3.49/100g",Crackers & Cookies,/p/21023024_EA
Original Crackers,$2.99 ,$2.99 ,"180 g, $1.66/100g",Crackers & Cookies,/p/21547049_EA
Teddy Grahams Honey Cookies,$3.49 ,$3.49 ,"225 g, $1.55/100g",Crackers & Cookies,20303703001_EA
Mega Bites Sharp Cheddar,$2.79 ,$2.79 ,"167 g, $1.67/100g",Crackers & Cookies,/p/21472373_EA
Rosemary Crackers,$2.99 ,$2.99 ,"185 g, $1.62/100g",Crackers & Cookies,20603888002_EA
Ritz Peanut Butter Crackers,$2.99 ,$2.99 ,"180 g, $1.66/100g",Crackers & Cookies,/p/20686396_EA
The Decadent Chocolate Chunk Cookie,$4.49 ,$4.49 ,"300 g, $1.50/100g",Crackers & Cookies,/p/20612260_EA
"Crunch, Zesty Cheddar Ranch Flavor, Baked Snack Crackers ",$3.39 ,$3.39 ,"191 g, $1.77/100g",Crackers & Cookies,/p/21214557_EA
Multigrain Crackers,$2.99 ,$2.99 ,"180 g, $1.66/100g",Crackers & Cookies,/p/21547048_EA
Barnums  Animal Crackers,$3.49 ,$3.49 ,"225 g, $1.55/100g",Crackers & Cookies,/p/20310093_EA
Vinta Original Crackers,$3.29 ,$3.29 ,"225 g, $1.46/100g",Crackers & Cookies,/p/21520701_EA
Breton Veggie Bites,$3.49 ,$3.49 ,"200 g, $1.75/100g",Crackers & Cookies,20774684002_EA
Goldfish  Cheddar made with Whole Grain,$2.79 ,$2.79 ,"180 g, $1.55/100g",Crackers & Cookies,20306994001_EA
Bear Paws Baked Apple Cookies,$3.49 ,$3.49 ,"240 g, $1.45/100g",Crackers & Cookies,/p/21080773_EA
Caramel Coconut Cookies,$3.69 ,$3.69 ,"198 g, $1.86/100g",Crackers & Cookies,/p/20316133_EA
Dark Chocolate Covered Digestive Biscuits,$3.29 ,$3.29 ,"300 g, $1.10/100g",Crackers & Cookies,20325376002_EA
Melba Canapé 12 Grain,$4.29 ,$4.29 ,"150 g, $2.86/100g",Crackers & Cookies,20308392001_EA
Cookies Crunchy Caramel Crunch,$3.49 ,$3.49 ,"240 g, $1.45/100g",Crackers & Cookies,/p/21531446_EA
"Cookies, Milk Chocolate Biscuits, Hazelnut Cream",$4.79 ,$4.79 ,"100 g, $4.79/100g",Crackers & Cookies,/p/20319545_EA
Oatmeal Raisin Cookies,$3.99 ,$3.99 ,"350 g, $1.14/100g",Crackers & Cookies,/p/20560188_EA
White Chocolate Cookie Sticks,$1.29 ,$1.29 ,"47 g, $2.74/100g",Crackers & Cookies,/p/20876314_EA
"Fudgee Barr, Vanilla Cream Filled Cake Bar",$5.49 ,$5.49 ,"380 g, $1.44/100g",Crackers & Cookies,/p/21094924_EA
"Tim Tam Biscuits, Chewy Caramel",$3.99 ,$3.99 ,"175 g, $2.28/100g",Crackers & Cookies,20299208002_EA
Chekaralu,$1.99 ,$1.99 ,"150 g, $1.33/100g",Crackers & Cookies,/p/21471287_EA
Golden Cookies,$4.79 ,$4.79 ,"439 g, $1.09/100g",Crackers & Cookies,/p/21520715_EA
The Decadent Peanut Butter Chunk Cookies,$4.49 ,$4.49 ,"300 g, $1.50/100g",Crackers & Cookies,/p/20612251_EA
Celebration Butter Cookies Dark Chocolate 70% Cocoa,$2.99 ,$2.99 ,"240 g, $1.25/100g",Crackers & Cookies,/p/20965363_EA
Original Cookies,$9.99 ,$9.99 ,"637 g, $1.57/100g",Crackers & Cookies,/p/21522145_EA
Wafer Rolls Nut Delight With Hazelnut Flavoured Filling,$1.59 ,$1.59 ,"150 g, $1.06/100g",Crackers & Cookies,21032895003_EA
Black Olive Swiss Sticks,$2.49 ,$2.49 ,"100 g, $2.49/100g",Crackers & Cookies,20538543001_EA
Chips Ahoy! Chewy Cookies,$2.99 ,$2.99 ,"271 g, $1.10/100g",Crackers & Cookies,/p/21361512_EA
Oreo Mega Stuff Cookies,$4.79 ,$4.79 ,"374 g, $1.28/100g",Crackers & Cookies,/p/21236917_EA
Butter Cookies Vanilla Truffle Halloween Limited Edition,$3.49 ,$3.49 ,"240 g, $1.45/100g",Crackers & Cookies,/p/21531180_EA
Oreo Dark Chocolate Cookies,$2.99 ,$2.99 ,"261 g, $1.15/100g",Crackers & Cookies,/p/21358404_EA
Custard Cake,$4.99 ,$5.99 ,"276 g, $1.81/100g",Crackers & Cookies,/p/20917513_EA
Fudge-Covered Graham Cookies,$3.69 ,$3.69 ,"350 g, $1.05/100g",Crackers & Cookies,/p/20323024_EA
"Cookies, Chocolate Cream Filled Biscuit Sticks 8 Packs",$4.99 ,$5.29 ,"120 g, $4.16/100g",Crackers & Cookies,/p/21066082_EA
The Decadent Chocolate Chip Cookie ,$5.99 ,$5.99 ,"500 g, $1.20/100g",Crackers & Cookies,/p/20612256_EA
Arrowroot Biscuits,$14.49 ,$14.49 ,"1.4 kg, $1.04/100g",Crackers & Cookies,/p/20072244_EA
Mini Crisp & Thin Wheat Crackers,$3.29 ,$3.29 ,"200 g, $1.65/100g",Crackers & Cookies,/p/21303508_EA
"Oatmeal Cookies, No Sugar Added",$3.49 ,$3.49 ,"225 g, $1.55/100g",Crackers & Cookies,20315935011_EA
Crispy Minis Brown Rice Chips Cheddar,$16.99 ,$16.99 ,"864 g, $1.97/100g",Crackers & Cookies,p/21451213_C01
Butter Cookie,$5.99 ,$5.99 ,"454 g, $1.32/100g",Crackers & Cookies,/p/21245259_EA
Pepero Choco Filled Biscuit Sticks,$1.29 ,$1.29 ,"50 g, $2.58/100g",Crackers & Cookies,/p/21526575_EA
All Dressed Crackers,$4.49 ,$4.49 ,"240 g, $1.87/100g",Crackers & Cookies,/p/21395990_EA
Goldfish  Vanilla Cupcake Grahams,$2.79 ,$3.48 ,"180 g, $1.55/100g",Crackers & Cookies,/p/20704985_EA
Good Day Cashew Cookies,$3.29 ,$3.29 ,"231 g, $1.42/100g",Crackers & Cookies,/p/21023105_EA
Lemon Wafers,$3.29 ,$3.29 ,"300 g, $1.10/100g",Crackers & Cookies,/p/20700311_EA
Fully Loaded Natural Flavour Original Popped Potato Snack,$4.29 ,$4.29 ,"142 g, $3.02/100g",Crackers & Cookies,/p/21433203_EA
Chocolatey Filling Centrefulls,$4.49 ,$4.49 ,"280 g, $1.60/100g",Crackers & Cookies,/p/21049844_EA
Bear Paws Minis Confetti Brownie Cookies,$3.49 ,$3.49 ,"210 g, $1.66/100g",Crackers & Cookies,/p/21299610_EA
Thins Three Cheese Flatbreads,$4.99 ,$4.99 ,"125 g, $3.99/100g",Crackers & Cookies,/p/21124906_EA
Good Thins Sesame Rice Crackers,$3.49 ,$3.49 ,"100 g, $3.49/100g",Crackers & Cookies,/p/21023027_EA
"Vegetable Thins, Original",$2.99 ,$2.99 ,"180 g, $1.66/100g",Crackers & Cookies,/p/21547047_EA
Baked Snack Crackers Crunch Original Cheddar,$3.39 ,$3.39 ,"191 g, $1.77/100g",Crackers & Cookies,/p/21350253_EA
Parmesan Garlic & Herb Flavour Pita Chips 227g,$5.99 ,$5.99 ,"227 g, $2.64/100g",Crackers & Cookies,/p/20659789_EA
Ritz Original Crackers,$9.99 ,$9.99 ,"900 g, $1.11/100g",Crackers & Cookies,/p/20012532_EA
Fine Cracker Assortment,$5.49 ,$5.49 ,"250 g, $2.20/100g",Crackers & Cookies,/p/20162130_EA
Breton Gluten Free Herb and Garlic ,$3.49 ,$3.49 ,"135 g, $2.59/100g",Crackers & Cookies,20727536002_EA
Triscuit Thin Crisps Parmesan Garlic Crackers,$2.99 ,$2.99 ,"200 g, $1.50/100g",Crackers & Cookies,/p/21031561_EA
Oatmeal Raisin Cookies,$3.99 ,$3.99 ,"350 g, $1.14/100g",Crackers & Cookies,/p/20560188_EA
"Cookies, Milk Chocolate Biscuits, Hazelnut Cream",$4.79 ,$4.79 ,"100 g, $4.79/100g",Crackers & Cookies,/p/20319545_EA
Celebration Butter Cookies Dark Chocolate 70% Cocoa,$2.99 ,$2.99 ,"240 g, $1.25/100g",Crackers & Cookies,/p/20965363_EA
Chekaralu,$1.99 ,$1.99 ,"150 g, $1.33/100g",Crackers & Cookies,/p/21471287_EA
Bear Paws Minis Oatmeal Chocolate Chip Cookies,$3.49 ,$3.49 ,"210 g, $1.66/100g",Crackers & Cookies,/p/20173385_EA
Chips Ahoy! Caramilk Cookies,$4.79 ,$4.79 ,"453 g, $1.06/100g",Crackers & Cookies,/p/21341908_EA
"Strawberry Wafers, No Sugar Added",$3.49 ,$3.49 ,"250 g, $1.40/100g",Crackers & Cookies,20315935005_EA
Cream Wafers Filled With Chocolate Chocolate,$4.49 ,$5.79 ,"300 g, $1.50/100g",Crackers & Cookies,/p/21456802_EA
Original Oatmeal Cookies,$3.99 ,$3.99 ,"350 g, $1.14/100g",Crackers & Cookies,/p/20560089_EA
Oreo Chocolate Sandwich Cookies Mint Creme,$2.99 ,$2.99 ,"261 g, $1.15/100g",Crackers & Cookies,/p/21358399_EA
Strawberry Turnovers,$3.39 ,$3.39 ,"300 g, $1.13/100g",Crackers & Cookies,/p/21078863_EA
Vegetable Thins Crackers,$4.99 ,$4.99 ,"350 g, $1.43/100g",Crackers & Cookies,/p/21362156_EA
Crispy Coconut Rolls,$4.99 ,$5.99 ,"140 g, $3.56/100g",Crackers & Cookies,/p/21451088_EA
Plain Tops Soda Crackers,$1.88 ,$2.00 ,"454 g, $0.41/100g",Crackers & Cookies,/p/20795391_EA
Butter Cookie,$5.99 ,$5.99 ,"454 g, $1.32/100g",Crackers & Cookies,/p/21245259_EA
Pepero Choco Filled Biscuit Sticks,$1.29 ,$1.29 ,"50 g, $2.58/100g",Crackers & Cookies,/p/21526575_EA
All Dressed Crackers,$4.49 ,$4.49 ,"240 g, $1.87/100g",Crackers & Cookies,/p/21395990_EA
Goldfish  Vanilla Cupcake Grahams,$2.79 ,$3.48 ,"180 g, $1.55/100g",Crackers & Cookies,/p/20704985_EA
Good Day Cashew Cookies,$3.29 ,$3.29 ,"231 g, $1.42/100g",Crackers & Cookies,/p/21023105_EA
"Hot & Spicy, Baked Snack Crackers ",$3.39 ,$3.39 ,"200 g, $1.70/100g",Crackers & Cookies,/p/21214558_EA
Mini Cheese Crackers,$2.99 ,$2.99 ,"6x30.0 g, $1.66/100g",Crackers & Cookies,/p/21500649_EA
Thin Crisps Original Crackers,$2.99 ,$2.99 ,"200 g, $1.50/100g",Crackers & Cookies,/p/21032765_EA
"Cheese Bits, Cheddar",$2.99 ,$2.99 ,"180 g, $1.66/100g",Crackers & Cookies,/p/21547029_EA
Baked Snack Crackers Extra Cheesy Flavour,$3.39 ,$3.39 ,"200 g, $1.70/100g",Crackers & Cookies,/p/21350259_EA
Triscuit Thin Crisps Parmesan Garlic Crackers,$2.99 ,$2.99 ,"200 g, $1.50/100g",Crackers & Cookies,/p/21031561_EA
Black Pepper & Sea Salt Crackers,$2.99 ,$2.99 ,"185 g, $1.62/100g",Crackers & Cookies,/p/21348903_EA
Breton Gluten Free Original with Flax ,$3.49 ,$3.49 ,"135 g, $2.59/100g",Crackers & Cookies,20727536001_EA
"Triscuit Crackers, Low Sodium",$2.99 ,$2.99 ,"200 g, $1.50/100g",Crackers & Cookies,/p/21032648_EA
Parmesan Garlic & Herb Flavour Pita Chips 227g,$5.99 ,$5.99 ,"227 g, $2.64/100g",Crackers & Cookies,/p/20659789_EA
Ritz Original Crackers,$9.99 ,$9.99 ,"900 g, $1.11/100g",Crackers & Cookies,/p/20012532_EA
Fine Cracker Assortment,$5.49 ,$5.49 ,"250 g, $2.20/100g",Crackers & Cookies,/p/20162130_EA
Breton Gluten Free Herb and Garlic ,$3.49 ,$3.49 ,"135 g, $2.59/100g",Crackers & Cookies,20727536002_EA
Triscuit Smoked Gouda Crackers,$2.99 ,$2.99 ,"200 g, $1.50/100g",Crackers & Cookies,/p/21032769_EA
Ritz Original Crackers,$4.99 ,$4.99 ,"350 g, $1.43/100g",Crackers & Cookies,/p/20686037_EA
Good Thins Sesame Rice Crackers,$3.49 ,$3.49 ,"100 g, $3.49/100g",Crackers & Cookies,/p/21023027_EA
"Vegetable Thins, Original",$2.99 ,$2.99 ,"180 g, $1.66/100g",Crackers & Cookies,/p/21547047_EA
Baked Snack Crackers Crunch Original Cheddar,$3.39 ,$3.39 ,"191 g, $1.77/100g",Crackers & Cookies,/p/21350253_EA
Fudge-Striped Shortbread Cookies,$3.69 ,$3.69 ,"368 g, $1.00/100g",Crackers & Cookies,/p/20303626_EA
Happy Swing Coconut Delight Wafer Rolls with Coconut Flavoured Filling,$1.59 ,$1.59 ,"150 g, $1.06/100g",Crackers & Cookies,21032895001_EA
Butter Cookies ,$13.99 ,$13.99 ,"908 g, $1.54/100g",Crackers & Cookies,/p/21348497_EA
Muesli Crunch,$4.49 ,$4.49 ,"200 g, $2.25/100g",Crackers & Cookies,/p/20054751_EA
"Oreo Thins, Original",$2.99 ,$2.99 ,"287 g, $1.04/100g",Crackers & Cookies,/p/20939786_EA
"Oreo Chocolate Sandwich Cookies, Birthday Cake Flavour ",$2.99 ,$2.99 ,"261 g, $1.15/100g",Crackers & Cookies,/p/21358838_EA
Rice Crackers,$4.99 ,$5.49 ,"500 g, $1.00/100g",Crackers & Cookies,/p/20965610_EA
Chips Ahoy! Rainbow Cookies,$2.99 ,$2.99 ,"258 g, $1.16/100g",Crackers & Cookies,/p/21362264_EA
Celebration 45% Chocolate Butter Cake,$2.99 ,$2.99 ,"240 g, $1.25/100g",Crackers & Cookies,/p/20965366_EA
Dads Oatmeal Original Cookies,$4.29 ,$4.29 ,"300 g, $1.43/100g",Crackers & Cookies,/p/20745403_EA
Pocky Chocolate Cream Coated Biscuit Sticks 12 Packs,$4.99 ,$5.29 ,"156 g, $3.20/100g",Crackers & Cookies,/p/21066087_EA
Belgian Biscuit Selection,$7.79 ,$7.79 ,"375 g, $2.08/100g",Crackers & Cookies,/p/20984834_EA
Chocolate  Biscuit    ,$2.49 ,$2.49 ,"200 g, $1.25/100g",Crackers & Cookies,/p/21344880_EA
Bear Paws Veggies + Fruits Carrot Cake Cookies,$3.49 ,$3.49 ,"168 g, $2.08/100g",Crackers & Cookies,/p/21358208_EA
Hello Panda Vanilla,$2.29 ,$2.29 ,"60 g, $3.82/100g",Crackers & Cookies,/p/21183380_EA
"March Cookies, Strawberry",$1.29 ,$1.49 ,"41 g, $3.15/100g",Crackers & Cookies,/p/21112145_EA
Muesli Crunch,$4.49 ,$4.49 ,"200 g, $2.25/100g",Crackers & Cookies,/p/20054751_EA
Crostini Garlic Parmesan,$4.99 ,$4.99 ,"150 g, $3.33/100g",Crackers & Cookies,/p/21298212_EA
Raspberry Turnover,$3.39 ,$3.39 ,"300 g, $1.13/100g",Crackers & Cookies,/p/21301584_EA
Parmesan Cheese & Garlic Swiss Sticks,$2.49 ,$2.49 ,"100 g, $2.49/100g",Crackers & Cookies,20538543002_EA
"Turnover Cookie, Strawberry",$3.29 ,$3.29 ,"300 g, $1.10/100g",Crackers & Cookies,20319949003_EA
Lifestyle Selections Shortcake Cookies,$4.29 ,$4.29 ,"290 g, $1.48/100g",Crackers & Cookies,/p/20795911_EA
Butter Cookies,$3.29 ,$4.99 ,"454 g, $0.72/100g",Crackers & Cookies,/p/20740820_EA
Thins Onion Flatbreads,$4.99 ,$4.99 ,"125 g, $3.99/100g",Crackers & Cookies,/p/21124905_EA
Whippet Original Cookies,$3.49 ,$3.49 ,"250 g, $1.40/100g",Crackers & Cookies,/p/20783564_EA
Artisan Mini Crisps Cranberry & Fennel,$6.00 ,$6.00 ,"150 g, $4.00/100g",Crackers & Cookies,/p/21309911_EA
"Wafers, Chocolate",$3.29 ,$3.29 ,"300 g, $1.10/100g",Crackers & Cookies,20297541001_EA
Strawberry & Creme Truffle Butter Cookies,$2.99 ,$2.99 ,"240 g, $1.25/100g",Crackers & Cookies,/p/21217090_EA
Rice Crackers,$4.99 ,$5.49 ,"500 g, $1.00/100g",Crackers & Cookies,/p/20965610_EA
"Oreo Chocolate Sandwich Cookies, Birthday Cake Flavour ",$2.99 ,$2.99 ,"261 g, $1.15/100g",Crackers & Cookies,/p/21358838_EA
Original Cheese Flavored Cake,$4.19 ,$4.19 ,"350 g, $1.20/100g",Crackers & Cookies,/p/21313293_EA
Oreo Sandwich Cookies Cinnamon Bun,$2.99 ,$2.99 ,"261 g, $1.15/100g",Crackers & Cookies,/p/21366673_EA
Yan Yan Strawberry,$1.99 ,$2.29 ,"57 g, $3.49/100g",Crackers & Cookies,/p/21183384_EA
"Wafers, Cocoa",$1.69 ,$1.69 ,"175 g, $0.97/100g",Crackers & Cookies,20572093001_EA
Celebration 45% Chocolate Butter Cake,$2.99 ,$2.99 ,"240 g, $1.25/100g",Crackers & Cookies,/p/20965366_EA
Loads Of Cheddar Cheese Crackers,$2.99 ,$2.99 ,"200 g, $1.50/100g",Crackers & Cookies,/p/21302925_EA
Crisp & Thin Crackers with Flax & Honey,$2.99 ,$2.99 ,"225 g, $1.33/100g",Crackers & Cookies,20185144004_EA
Triscuit Rosemary And Olive Oil Crackers,$2.99 ,$2.99 ,"200 g, $1.50/100g",Crackers & Cookies,/p/21030905_EA
Ritz Crackers Mini Original,$2.99 ,$2.99 ,"180 g, $1.66/100g",Crackers & Cookies,/p/21532454_EA
"BBQ Crackers, School Snacks",$2.79 ,$2.79 ,"145 g, $1.92/100g",Crackers & Cookies,/p/21358327_EA
Golden Rice Crackers Black Pepper Flavour,$4.99 ,$5.49 ,"160 g, $3.12/100g",Crackers & Cookies,/p/21455277_EA
Multigrain Pita Chips 227g,$5.99 ,$5.99 ,"227 g, $2.64/100g",Crackers & Cookies,20756332002_EA
"Garlic, Parmesan, & Herb Baked Pita Crackers",$2.99 ,$2.99 ,"142 g, $2.11/100g",Crackers & Cookies,/p/21346922_EA
Bear Paws Veggies + Fruits Strawberry & Yogourt Cookies,$3.49 ,$3.49 ,"168 g, $2.08/100g",Crackers & Cookies,/p/21435891_EA
Lifestyle Selections Blueberry Brown Sugar Biscuit,$4.29 ,$4.29 ,"290 g, $1.48/100g",Crackers & Cookies,20680490002_EA
Original Club Pack Cookies,$4.79 ,$4.79 ,"439 g, $1.09/100g",Crackers & Cookies,/p/21520747_EA
"Grissini Breadsticks, Garlic",$2.49 ,$2.49 ,"125 g, $1.99/100g",Crackers & Cookies,/p/20297520_EA
Chips Ahoy Soft & Chunky Original Cookies,$2.99 ,$2.99 ,"290 g, $1.03/100g",Crackers & Cookies,/p/20970789_EA
Pocky Chocolate Cream Coated Biscuit Sticks 12 Packs,$4.99 ,$5.29 ,"156 g, $3.20/100g",Crackers & Cookies,/p/21066087_EA
Whippet Sticks Brownie Cookies,$3.49 ,$3.49 ,"250 g, $1.40/100g",Crackers & Cookies,/p/20945649_EA
"Dads Oatmeal Chocolate Chip Cookies, Club Pack",$18.99 ,$18.99 ,"1.8 kg, $1.06/100g",Crackers & Cookies,/p/20275867_EA
"Crispbread, Original Rye",$3.49 ,$3.49 ,"200 g, $1.75/100g",Crackers & Cookies,/p/20130264_EA
Mini Cookies Iced Oatmeal Cookies,$3.49 ,$3.49 ,"142 g, $2.46/100g",Crackers & Cookies,/p/21522138_EA
The Reverse Decadent White Chocolate Chip Cookies,$4.49 ,$4.49 ,"300 g, $1.50/100g",Crackers & Cookies,/p/20612252_EA
Oatmeal Cookies,$4.49 ,$4.49 ,"907 g, $0.50/100g",Crackers & Cookies,20318678002_EA
Plain Digestive Biscuits,$3.29 ,$3.29 ,"400 g, $0.82/100g",Crackers & Cookies,/p/20375373_EA
Goldfish Baked Snack Crackers Mix Xtreme Cheddar + Pretzel,$2.79 ,$2.79 ,"180 g, $1.55/100g",Crackers & Cookies,/p/21093143_EA
Pizza Flavour Little Penguin Crackers ,$3.29 ,$3.29 ,"180 g, $1.83/100g",Crackers & Cookies,/p/21348588_EA
Bourbon Cream Biscuit,$4.49 ,$4.49 ,"390 g, $1.15/100g",Crackers & Cookies,/p/20574619_EA
Good Day Butter Cookies,$3.29 ,$3.29 ,"231 g, $1.42/100g",Crackers & Cookies,/p/21023781_EA
"Crackers, Strawberry Sandwich    ",$1.89 ,$1.89 ,"175 g, $1.08/100g",Crackers & Cookies,/p/20089820_EA
Bear Paws Veggies + Fruits Strawberry & Yogourt Cookies,$3.49 ,$3.49 ,"168 g, $2.08/100g",Crackers & Cookies,/p/21435891_EA
Lifestyle Selections Blueberry Brown Sugar Biscuit,$4.29 ,$4.29 ,"290 g, $1.48/100g",Crackers & Cookies,20680490002_EA
Original Club Pack Cookies,$4.79 ,$4.79 ,"439 g, $1.09/100g",Crackers & Cookies,/p/21520747_EA
Chips Ahoy Soft & Chunky Original Cookies,$2.99 ,$2.99 ,"290 g, $1.03/100g",Crackers & Cookies,/p/20970789_EA
Dads Oatmeal Original Cookies,$4.29 ,$4.29 ,"300 g, $1.43/100g",Crackers & Cookies,/p/20745403_EA
Whippet Sticks Brownie Cookies,$3.49 ,$3.49 ,"250 g, $1.40/100g",Crackers & Cookies,/p/20945649_EA
Swedish Rye Crispbread,$13.49 ,$13.49 ,"900 g, $1.50/100g",Crackers & Cookies,/p/20158509_EA
"Dads Oatmeal Chocolate Chip Cookies, Club Pack",$18.99 ,$18.99 ,"1.8 kg, $1.06/100g",Crackers & Cookies,/p/20275867_EA
"Crispbread, Original Rye",$3.49 ,$3.49 ,"200 g, $1.75/100g",Crackers & Cookies,/p/20130264_EA
Mini Cookies Iced Oatmeal Cookies,$3.49 ,$3.49 ,"142 g, $2.46/100g",Crackers & Cookies,/p/21522138_EA
Breton Multigrain Crackers,$3.49 ,$3.49 ,"200 g, $1.75/100g",Crackers & Cookies,/p/21520685_EA
Tea Biscuit Cookies,$1.50 ,$1.50 ,"175 g, $0.86/100g",Crackers & Cookies,/p/20861955_EA
Loads Of Cheddar Cheese Crackers,$2.99 ,$2.99 ,"200 g, $1.50/100g",Crackers & Cookies,/p/21302925_EA
Crisp & Thin Crackers with Flax & Honey,$2.99 ,$2.99 ,"225 g, $1.33/100g",Crackers & Cookies,20185144004_EA
Triscuit Rosemary And Olive Oil Crackers,$2.99 ,$2.99 ,"200 g, $1.50/100g",Crackers & Cookies,/p/21030905_EA
Ritz Crackers Mini Original,$2.99 ,$2.99 ,"180 g, $1.66/100g",Crackers & Cookies,/p/21532454_EA
"BBQ Crackers, School Snacks",$2.79 ,$2.79 ,"145 g, $1.92/100g",Crackers & Cookies,/p/21358327_EA
Crispy Minis Tortilla Farmhouse Cheddar Flavour Brown Rice Chips,$2.79 ,$2.79 ,"100 g, $2.79/100g",Crackers & Cookies,/p/21427915_EA
Crisp & Thin Vegetable Crackers,$2.99 ,$2.99 ,"225 g, $1.33/100g",Crackers & Cookies,20185144001_EA
Sea Salt Original Popped Potato Snack,$4.29 ,$4.29 ,"142 g, $3.02/100g",Crackers & Cookies,/p/21432844_EA
Veggie Crisps Zesty Ranch,$3.49 ,$3.49 ,"100 g, $3.49/100g",Crackers & Cookies,/p/20973368_EA
Pepero Original,$1.29 ,$1.29 ,"47 g, $2.74/100g",Crackers & Cookies,/p/20876312_EA
Honey Graham Wafers,$4.49 ,$4.49 ,"400 g, $1.12/100g",Crackers & Cookies,/p/20606356_EA
Maria Cookies,$4.29 ,$4.29 ,"600 g, $0.72/100g",Crackers & Cookies,/p/20787160_EA
Vinta Crackers Original,$3.29 ,$3.29 ,"250 g, $1.32/100g",Crackers & Cookies,20326033002_EA
Pocky Cookies & Cream Biscuit Sticks,$2.49 ,$2.69 ,"70 g, $3.56/100g",Crackers & Cookies,/p/21237392_EA
Cookie Chips Salted Caramel,$3.29 ,$3.29 ,"170 g, $1.94/100g",Crackers & Cookies,/p/21524543_EA
Senbei Rice Crackers Original,$5.99 ,$6.49 ,"520 g, $1.15/100g",Crackers & Cookies,/p/21158517_EA
Pure Butter Shortbread Fingers,$4.99 ,$4.99 ,"150 g, $3.33/100g",Crackers & Cookies,/p/20113388_EA
Bin Bin Seaweed Rice Crackers,$2.99 ,$2.99 ,"150 g, $1.99/100g",Crackers & Cookies,20296097003_EA
Social Tea Biscuits,$4.29 ,$4.29 ,"350 g, $1.23/100g",Crackers & Cookies,/p/21362356_EA
Fig Newtons,$4.29 ,$4.29 ,"283 g, $1.52/100g",Crackers & Cookies,/p/20982917_EA
Light Rye Crispbread,$4.19 ,$4.19 ,"270 g, $1.55/100g",Crackers & Cookies,20138816001_EA
Cream Wafers Filled With Strawberry Flavoured Cream Strawberry,$4.99 ,$5.79 ,"300 g, $1.66/100g",Crackers & Cookies,/p/21456805_EA
Chocolate Crunchy Cubs Graham Cookies,$4.99 ,$4.99 ,"210 g, $2.38/100g",Crackers & Cookies,/p/21295984_EA
Chocolate Wafer Stick,$3.79 ,$3.79 ,"350 g, $1.08/100g",Crackers & Cookies,/p/21311058_EA
"Cookies, Gluten Free",$7.49 ,$7.49 ,"342 g, $2.19/100g",Crackers & Cookies,/p/21522147_EA
Chips Ahoy! Mini Eggs Cookies,$4.79 ,$4.79 ,"460 g, $1.04/100g",Crackers & Cookies,/p/21341903_EA
Chocolate Wafer Stick,$3.89 ,$3.89 ,"280 g, $1.39/100g",Crackers & Cookies,20128194002_EA
"Artificially Flavored Mango Crème Filled Cookies, Family Pack",$5.99 ,$5.99 ,"195 g, $3.07/100g",Crackers & Cookies,/p/21357954_EA
Bear Paws Morning Snack Cereal and Strawberries Cookies,$3.49 ,$3.49 ,"189 g, $1.85/100g",Crackers & Cookies,20642323004_EA
"Wholegrain Rye Crispbread, Rye & Oat Bran",$4.49 ,$4.49 ,"250 g, $1.80/100g",Crackers & Cookies,20326333003_EA
Biscoff Biscuit,$4.79 ,$4.79 ,"250 g, $1.92/100g",Crackers & Cookies,/p/21058121_EA
Original Cookies,$11.99 ,$11.99 ,"440 g, $2.73/100g",Crackers & Cookies,/p/21516364_EA
"Cream Wafers, Coconut Flavour",$2.29 ,$2.29 ,"200 g, $1.15/100g",Crackers & Cookies,20312830001_EA
"Pita Chips, Toasted Cheddar",$5.99 ,$5.99 ,"208 g, $2.88/100g",Crackers & Cookies,/p/20961364_EA
Melba Toast Original,$3.89 ,$3.89 ,"200 g, $1.95/100g",Crackers & Cookies,20313040001_EA
Chocolately Chip Cookies,$4.49 ,$4.49 ,"907 g, $0.50/100g",Crackers & Cookies,20318678001_EA
"Pretzel Crisps, Everything    ",$5.49 ,$5.49 ,"200 g, $2.75/100g",Crackers & Cookies,/p/20948904_EA
Cookies Crunchy Double Chocolate,$3.49 ,$3.49 ,"240 g, $1.45/100g",Crackers & Cookies,/p/21531447_EA
Mr. Mini Vanilla Flavoured Cookies with Chocolate Drizzle,$2.99 ,$2.99 ,"150 g, $1.99/100g",Crackers & Cookies,20066301001_EA
Almond Cantuccini Mini Biscotti,$4.99 ,$4.99 ,"250 g, $2.00/100g",Crackers & Cookies,20020614001_EA
"Wholegrain Rye Crispbread, Sesame Rye",$4.49 ,$4.49 ,"250 g, $1.80/100g",Crackers & Cookies,20326333002_EA
Viva Puffs Strawberry Cookies,$3.79 ,$3.79 ,"300 g, $1.26/100g",Crackers & Cookies,20025850001_EA
Social Tea Biscuits,$3.69 ,$3.69 ,"350 g, $1.05/100g",Crackers & Cookies,/p/20618577_EA
Pita Chips Parmesan Garlic + Herb,$4.29 ,$4.29 ,"227 g, $1.89/100g",Crackers & Cookies,/p/21123290_EA
"Bear Paws, Maple",$3.49 ,$3.49 ,"240 g, $1.45/100g",Crackers & Cookies,/p/21520204_EA
Melba Toast Sesame,$3.89 ,$3.89 ,"200 g, $1.95/100g",Crackers & Cookies,20322163002_EA
Ultimate Fudge Chocolate Cookies,$3.49 ,$3.49 ,"290 g, $1.20/100g",Crackers & Cookies,/p/20974349_EA
Crunchy Strawberry Pocky,$2.99 ,$3.49 ,"51 g, $5.86/100g",Crackers & Cookies,/p/21340319_EA
Variety Cookies,$11.99 ,$11.99 ,"482 g, $2.49/100g",Crackers & Cookies,/p/21508501_EA
Dark Chocolate Crêpes,$3.29 ,$3.29 ,"100 g, $3.29/100g",Crackers & Cookies,/p/21030510_EA
Honey Graham Wafers,$4.49 ,$4.49 ,"400 g, $1.12/100g",Crackers & Cookies,/p/20606356_EA
Maria Cookies,$4.29 ,$4.29 ,"600 g, $0.72/100g",Crackers & Cookies,/p/20787160_EA
"Pita Chips, Toasted Cheddar",$5.99 ,$5.99 ,"208 g, $2.88/100g",Crackers & Cookies,/p/20961364_EA
Cranberry and Fennel Artisan Crisps,$6.00 ,$6.00 ,"150 g, $4.00/100g",Crackers & Cookies,/p/20501555_EA
"Breadsticks, Traditional",$2.49 ,$2.49 ,"125 g, $1.99/100g",Crackers & Cookies,/p/20318030_EA
Bear Paws Molasses Cookies,$3.49 ,$3.49 ,"240 g, $1.45/100g",Crackers & Cookies,/p/21080775_EA
Pure Butter Shortbread Fingers,$4.99 ,$4.99 ,"150 g, $3.33/100g",Crackers & Cookies,/p/20113388_EA
Social Tea Biscuits,$4.29 ,$4.29 ,"350 g, $1.23/100g",Crackers & Cookies,/p/21362356_EA
Fig Newtons,$4.29 ,$4.29 ,"283 g, $1.52/100g",Crackers & Cookies,/p/20982917_EA
Light Rye Crispbread,$4.19 ,$4.19 ,"270 g, $1.55/100g",Crackers & Cookies,20138816001_EA
Cream Wafers Filled With Strawberry Flavoured Cream Strawberry,$4.99 ,$5.79 ,"300 g, $1.66/100g",Crackers & Cookies,/p/21456805_EA
"Cookies, Gluten Free",$7.49 ,$7.49 ,"342 g, $2.19/100g",Crackers & Cookies,/p/21522147_EA
Chips Ahoy! Mini Eggs Cookies,$4.79 ,$4.79 ,"460 g, $1.04/100g",Crackers & Cookies,/p/21341903_EA
Chocolate Wafer Stick,$3.89 ,$3.89 ,"280 g, $1.39/100g",Crackers & Cookies,20128194002_EA
Biscoff Biscuit,$4.79 ,$4.79 ,"250 g, $1.92/100g",Crackers & Cookies,/p/21058121_EA
Original Cookies,$11.99 ,$11.99 ,"440 g, $2.73/100g",Crackers & Cookies,/p/21516364_EA
"Cream Wafers, Coconut Flavour",$2.29 ,$2.29 ,"200 g, $1.15/100g",Crackers & Cookies,20312830001_EA
Chocolate Wafer Stick,$3.79 ,$3.79 ,"350 g, $1.08/100g",Crackers & Cookies,/p/21311058_EA
Pepero Original,$1.29 ,$1.29 ,"47 g, $2.74/100g",Crackers & Cookies,/p/20876312_EA
Senbei Rice Crackers Original,$5.99 ,$6.49 ,"520 g, $1.15/100g",Crackers & Cookies,/p/21158517_EA
Chocolate Crunchy Cubs Graham Cookies,$4.99 ,$4.99 ,"210 g, $2.38/100g",Crackers & Cookies,/p/21295984_EA
Savoiardi Biscuits,$6.29 ,$6.29 ,"400 g, $1.57/100g",Crackers & Cookies,/p/20085922_EA
"Big Shelly Senbei Rice Crackers, Original",$6.99 ,$7.49 ,"520 g, $1.34/100g",Crackers & Cookies,/p/20697316_EA
Bear Paws Chocolate Chip Cookies,$6.29 ,$6.29 ,"480 g, $1.31/100g",Crackers & Cookies,/p/21081883_EA
Wagon Wheels Original Cookies,$4.29 ,$4.29 ,"315 g, $1.36/100g",Crackers & Cookies,20419986001_EA
Crispy Minis Brown Rice Chips Sweet & Thin Cocoa Crunch,$2.79 ,$2.79 ,"90 g, $3.10/100g",Crackers & Cookies,/p/21522525_EA
Sea Salt & Vinegar Flavoured Original Popped Potato Snack,$4.29 ,$4.29 ,"142 g, $3.02/100g",Crackers & Cookies,/p/21432836_EA
Mini Crisp & Thin Multigrain Crackers,$3.29 ,$3.29 ,"200 g, $1.65/100g",Crackers & Cookies,/p/21295601_EA
"Crackers, Swiss Cheese",$2.99 ,$2.99 ,"180 g, $1.66/100g",Crackers & Cookies,/p/21547021_EA
Minis Original Crackers-Mini,$2.99 ,$2.99 ,"200 g, $1.50/100g",Crackers & Cookies,/p/21362289_EA
Cheese Nibs Cheddar/Jalapeno Crackers,$2.99 ,$2.99 ,"200 g, $1.50/100g",Crackers & Cookies,/p/21522300_EA
Triscuit Cracked Pepper And Olive Oil Crackers,$2.99 ,$2.99 ,"200 g, $1.50/100g",Crackers & Cookies,/p/21030643_EA
Extra Cheesy Little Penguins Snack Crackers,$13.99 ,$13.99 ,"840 g, $1.67/100g",Crackers & Cookies,/p/20419409_EA
Mega Bites Cheddar Jalapeno,$2.79 ,$2.79 ,"167 g, $1.67/100g",Crackers & Cookies,/p/21472420_EA
Cheddar Jack'D Baked Snack Crackers,$2.79 ,$2.79 ,"180 g, $1.55/100g",Crackers & Cookies,/p/21298051_EA
Original Snack Crackers,$6.99 ,$6.99 ,"900 g, $0.78/100g",Crackers & Cookies,/p/20150692_EA
BBQ Flavoured Original Popped Potato Snack,$4.29 ,$4.29 ,"142 g, $3.02/100g",Crackers & Cookies,/p/21432841_EA
Triscuit Roasted Garlic Crackers,$2.99 ,$2.99 ,"200 g, $1.50/100g",Crackers & Cookies,/p/21031061_EA
"Ritz Bits Sandwiches, Cheese Snak Paks",$2.99 ,$2.99 ,"180 g, $1.66/100g",Crackers & Cookies,/p/20322856_EA
Spicy Cheddar Crackers,$2.99 ,$2.99 ,"200 g, $1.50/100g",Crackers & Cookies,/p/21389567_EA
Goldfish Colours (6 Pack),$2.79 ,$2.79 ,"156 g, $1.79/100g",Crackers & Cookies,20707198002_EA
Town House Oven Baked Crackers Light and Buttery Flavour Original,$4.29 ,$4.29 ,"391 g, $1.10/100g",Crackers & Cookies,/p/21107403_EA
"Cream Wafers, Cappuccino Flavour",$1.99 ,$2.29 ,"200 g, $1.00/100g",Crackers & Cookies,/p/20688122_EA
"Snackbread, Multigrain",$3.79 ,$3.79 ,"125 g, $3.03/100g",Crackers & Cookies,20763958001_EA
Fruit Creme Biscuits,$4.29 ,$4.29 ,"300 g, $1.43/100g",Crackers & Cookies,/p/20680381_EA
Fudgee-O Original Cookies,$2.99 ,$2.99 ,"303 g, $0.99/100g",Crackers & Cookies,/p/21005153_EA
"Wafers, Vanilla No Sugar Added",$3.49 ,$3.49 ,"250 g, $1.40/100g",Crackers & Cookies,20315935001_EA
Wagon Wheels Original Cookies,$6.99 ,$6.99 ,"630 g, $1.11/100g",Crackers & Cookies,/p/21238487_EA
"Pocky, Strawberry Cream",$1.49 ,$1.79 ,"33 g, $4.52/100g",Crackers & Cookies,20073432002_EA
Kosher Thinaddictives Pistachio Almond Thins,$9.49 ,$9.49 ,"345 g, $2.75/100g",Crackers & Cookies,/p/20342388_EA
Cookies Crunchy Vanilla Sprinkle,$3.49 ,$3.49 ,"240 g, $1.45/100g",Crackers & Cookies,/p/21531448_EA
Onion & Chives Swiss Sticks,$2.49 ,$2.49 ,"100 g, $2.49/100g",Crackers & Cookies,/p/21348623_EA
"Cream Wafers, Strawberry Flavour",$1.99 ,$2.29 ,"200 g, $1.00/100g",Crackers & Cookies,20312830002_EA
Oreo Original Cookies,$3.49 ,$3.49 ,"225 g, $1.55/100g",Crackers & Cookies,20303703002_EA
Celebration Raspberry Milk Chocolate Coated Cookies,$2.99 ,$2.99 ,"240 g, $1.25/100g",Crackers & Cookies,/p/20856318_EA
Assorted Creme Biscuits,$4.29 ,$4.29 ,"300 g, $1.43/100g",Crackers & Cookies,/p/20680269_EA
"Wholegrain Rye Crispbread, Multi-Grain",$4.49 ,$4.49 ,"250 g, $1.80/100g",Crackers & Cookies,20326333001_EA
Family Digestive Biscuits,$4.29 ,$4.29 ,"300 g, $1.43/100g",Crackers & Cookies,/p/20679968_EA
"Pocky, Chocolate",$2.49 ,$2.69 ,"70 g, $3.56/100g",Crackers & Cookies,/p/20815469_EA
"Cookies, Quadratini Bite Size Wafer  Vanilla",$5.49 ,$5.49 ,"250 g, $2.20/100g",Crackers & Cookies,/p/21195370_EA
"Breadsticks, Sesame",$2.49 ,$2.49 ,"125 g, $1.99/100g",Crackers & Cookies,/p/20325651_EA
"Turnover Cookie, Raspberry",$3.29 ,$3.29 ,"300 g, $1.10/100g",Crackers & Cookies,20319949002_EA
No Sugar Added Chocolate Wafers,$3.49 ,$3.49 ,"250 g, $1.40/100g",Crackers & Cookies,20315935004_EA
"Honey Maid Honey Grahams, Low Fat",$5.29 ,$5.29 ,"400 g, $1.32/100g",Crackers & Cookies,/p/20621135_EA
Biscuits Cookie     ,$2.39 ,$2.39 ,"200 g, $1.20/100g",Crackers & Cookies,/p/21344897_EA
Pocky Strawberry Cream Coated Biscuit Sticks 12 Packs,$4.99 ,$5.29 ,"144 g, $3.47/100g",Crackers & Cookies,/p/21066079_EA
Giant Lady Finger Bis   ,$1.49 ,$1.49 ,"150 g, $0.99/100g",Crackers & Cookies,/p/21344885_EA
Oatmeal Cookies,$4.29 ,$4.29 ,"300 g, $1.43/100g",Crackers & Cookies,/p/21358362_EA
Cookie Chips Coconut,$3.29 ,$3.29 ,"170 g, $1.94/100g",Crackers & Cookies,/p/21524544_EA
"Big Shelly Senbei Rice Crackers, Original",$2.79 ,$2.79 ,"92 g, $3.03/100g",Crackers & Cookies,/p/20688601_EA
Chips Ahoy! Chewy Cookies,$4.79 ,$4.79 ,"453 g, $1.06/100g",Crackers & Cookies,/p/21082219_EA
Wafer Rolls Vanilla Delight With Vanilla Flavoured Filling,$1.59 ,$1.59 ,"150 g, $1.06/100g",Crackers & Cookies,21032895004_EA
Whippet Black Forest Cookies,$3.49 ,$3.49 ,"285 g, $1.22/100g",Crackers & Cookies,20783328004_EA
Golden Oreo Thins,$2.99 ,$2.99 ,"287 g, $1.04/100g",Crackers & Cookies,/p/20939787_EA
Naan Original Crisps,$3.79 ,$3.79 ,"170 g, $2.23/100g",Crackers & Cookies,/p/21179832_EA
Kosher Cranberry Almond Thins,$9.49 ,$9.49 ,"345 g, $2.75/100g",Crackers & Cookies,/p/20343452_EA
Oreo Double Stuf Golden Cookies,$2.99 ,$2.99 ,"261 g, $1.15/100g",Crackers & Cookies,/p/21358408_EA
Baguettes Roasted Garlic,$3.89 ,$3.89 ,"120 g, $3.24/100g",Crackers & Cookies,/p/21033185_EA
Mini Wafers Vanilla,$3.49 ,$3.49 ,"184 g, $1.90/100g",Crackers & Cookies,/p/21522141_EA
Veggie & Fruit Goldfish Snack,$2.79 ,$2.79 ,"180 g, $1.55/100g",Crackers & Cookies,/p/21193198_EA
Wafer Sticks Ube,$3.79 ,$3.79 ,"350 g, $1.08/100g",Crackers & Cookies,/p/21311057_EA
English-Style Gingersnap Cookies,$3.99 ,$3.99 ,"350 g, $1.14/100g",Crackers & Cookies,/p/20321396_EA
Sunflower Seeds Spiced Flavor,$2.49 ,$2.79 ,"260 g, $0.96/100g",Crackers & Cookies,/p/21461593_EA
Original Aged White Cheddar Flavoured Popped Potato Snack,$4.29 ,$4.29 ,"142 g, $3.02/100g",Crackers & Cookies,/p/21433204_EA
Sesame Biscuit Egg Roll,$2.99 ,$2.99 ,"120 g, $2.49/100g",Crackers & Cookies,20705122002_EA
Apricot and Rosemary Artisan Crisps,$6.00 ,$6.00 ,"150 g, $4.00/100g",Crackers & Cookies,/p/20501554_EA
Shortcake Biscuits,$4.29 ,$4.29 ,"350 g, $1.23/100g",Crackers & Cookies,20317370009_EA
Veggie & Fruit Goldfish Snack,$2.79 ,$2.79 ,"180 g, $1.55/100g",Crackers & Cookies,/p/21193198_EA
Wheat Thins  Crackers,$3.99 ,$3.99 ,"300 g, $1.33/100g",Crackers & Cookies,20325069001_EA
Pepero Choco Cookie Biscuit Sticks,$1.29 ,$1.29 ,"32 g, $4.03/100g",Crackers & Cookies,/p/21526603_EA
"Fifty Fifty, Cookies",$3.29 ,$3.29 ,"372 g, $0.88/100g",Crackers & Cookies,/p/21205822_EA
Punjabi Cookies,$6.99 ,$6.99 ,"620 g, $1.13/100g",Crackers & Cookies,/p/20855546_EA
Breton Morning Toasts Oats & Honey,$3.49 ,$3.49 ,"225 g, $1.55/100g",Crackers & Cookies,/p/21520704_EA
"Good Thins Corn Crackers, Sea Salt",$3.49 ,$3.49 ,"100 g, $3.49/100g",Crackers & Cookies,/p/21097597_EA
Ritz Chips Original Crackers,$3.49 ,$3.49 ,"240 g, $1.45/100g",Crackers & Cookies,/p/21522135_EA
Biscuits for Cheese ,$7.49 ,$7.49 ,"500 g, $1.50/100g",Crackers & Cookies,/p/20085587_EA
Veggie Crisps Ketchup,$3.49 ,$3.49 ,"100 g, $3.49/100g",Crackers & Cookies,/p/21163242_EA
Good Day Cashew Biscuits,$0.99 ,$0.99 ,"75 g, $1.32/100g",Crackers & Cookies,20840892001_EA
Treat Wafers Chocolate,$1.69 ,$1.69 ,"150 g, $1.13/100g",Crackers & Cookies,/p/21466086_EA
"Good Thins Rice Crackers, Multigrain",$3.49 ,$3.49 ,"100 g, $3.49/100g",Crackers & Cookies,/p/21023029_EA
"Bold 'n Baked Chips, Hot, Jalapeño Cheddar Flavour",$3.29 ,$3.29 ,"150 g, $2.19/100g",Crackers & Cookies,/p/21520709_EA
Crispy Minis Brown Rice Chips Sweet & Thin Salted Caramel,$2.79 ,$2.79 ,"90 g, $3.10/100g",Crackers & Cookies,/p/21517017_EA
Loads Of White Cheddar Cheese Crackers,$2.99 ,$2.99 ,"200 g, $1.50/100g",Crackers & Cookies,/p/21302901_EA
Goldfish  Cheddar Family Pack,$8.99 ,$8.99 ,"750 g, $1.20/100g",Crackers & Cookies,/p/21163265_EA
Hazelnut Crème-Filled Wafers,$1.69 ,$1.69 ,"175 g, $0.97/100g",Crackers & Cookies,20572093002_EA
"Crisp Bread, Multigrain",$4.19 ,$4.19 ,"275 g, $1.52/100g",Crackers & Cookies,/p/20853151_EA
Honey Maid  Wafer,$5.29 ,$5.29 ,"400 g, $1.32/100g",Crackers & Cookies,/p/20621134_EA
Arrowroot Biscuits ,$4.49 ,$4.49 ,"350 g, $1.28/100g",Crackers & Cookies,/p/20617751_EA
Mint Truffle Cookies,$2.99 ,$2.99 ,"240 g, $1.25/100g",Crackers & Cookies,/p/21217112_EA
Bear Paws Sandwich Cookies Vanilla,$3.49 ,$3.49 ,"168 g, $2.08/100g",Crackers & Cookies,/p/21193739_EA
Digestive Biscuits,$4.29 ,$4.29 ,"300 g, $1.43/100g",Crackers & Cookies,/p/20680329_EA
Arrowroot Cookies,$11.49 ,$11.49 ,"1.4 kg, $0.82/100g",Crackers & Cookies,/p/20069156_EA
Xtreme Cheddar Family Size Baked Snack Crackers,$8.99 ,$8.99 ,"750 g, $1.20/100g",Crackers & Cookies,/p/21298063_EA
Chia & Quinoa Baked Pita Crackers,$2.99 ,$2.99 ,"142 g, $2.11/100g",Crackers & Cookies,/p/20955740_EA
Suji Rusk ,$3.49 ,$3.49 ,"350 g, $1.14/100g",Crackers & Cookies,/p/21032472_EA
Veggie Crisps Cracker Chips All Dressed,$3.49 ,$3.49 ,"100 g, $3.49/100g",Crackers & Cookies,/p/21520207_EA
Thin Crisps Jalapeno Crackers,$2.99 ,$2.99 ,"200 g, $1.50/100g",Crackers & Cookies,/p/21433485_EA
Charged Up Cheddar & Sour Cream Baked Snack Crackers,$2.79 ,$2.79 ,"180 g, $1.55/100g",Crackers & Cookies,/p/21396016_EA
Breton Veggie Bites On the Go Packs,$3.49 ,$3.49 ,"132 g, $2.64/100g",Crackers & Cookies,/p/21009850_EA
"Crackers, Low Sodium",$2.99 ,$2.99 ,"180 g, $1.66/100g",Crackers & Cookies,/p/21547040_EA
Vinta Crackers Snacks Original,$3.29 ,$3.29 ,"200 g, $1.65/100g",Crackers & Cookies,20326033004_EA
Crispy Minis Tortilla Sour Cream & Chive Flavour Brown Rice Chips,$2.79 ,$2.79 ,"100 g, $2.79/100g",Crackers & Cookies,/p/21427916_EA
Snap'd Baked Snack Crackers Parmesan Ranch Flavour,$4.29 ,$4.29 ,"212.91 g, $2.01/100g",Crackers & Cookies,/p/21531490_EA
"Cheese Nibs, Cheddar",$2.99 ,$2.99 ,"180 g, $1.66/100g",Crackers & Cookies,/p/21547043_EA
"Digestive Cookies, Original",$3.99 ,$3.99 ,"400 g, $1.00/100g",Crackers & Cookies,/p/20731552_EA
Mr. Chippy Chocolate Chip Cookies,$3.29 ,$3.29 ,"300 g, $1.10/100g",Crackers & Cookies,/p/20707999_EA
Autumn Leaf Cookies Pumpkin Spice Vanilla Flavoured Creme,$2.99 ,$2.99 ,"325 g, $0.92/100g",Crackers & Cookies,/p/21402986_EA
Seaweed Rice Crackers,$7.49 ,$9.49 ,"308 g, $2.43/100g",Crackers & Cookies,/p/21455267_EA
Crostini Olive Oil and Sea Salt ,$4.99 ,$4.99 ,"150 g, $3.33/100g",Crackers & Cookies,/p/21298198_EA
Whippet Maple Cookies,$3.49 ,$3.49 ,"285 g, $1.22/100g",Crackers & Cookies,/p/21438894_EA
Chocolate Hazelnut Flavour Rolled Wafers,$5.29 ,$5.29 ,"400 g, $1.32/100g",Crackers & Cookies,20906562002_EA
Graham Cookies S'Mores Style Truffle,$2.99 ,$2.99 ,"240 g, $1.25/100g",Crackers & Cookies,/p/21368274_EA
Quadratini Bite Size Wafer Cookies Hazelnut,$5.49 ,$5.49 ,"250 g, $2.20/100g",Crackers & Cookies,/p/21195373_EA
Orange Cream Wafers,$3.49 ,$3.49 ,"250 g, $1.40/100g",Crackers & Cookies,/p/20901932_EA
Malkist Crackers,$3.49 ,$3.49 ,"324 g, $1.08/100g",Crackers & Cookies,/p/21313435_EA
Chips Ahoy! Rainbow Cookies,$4.79 ,$4.79 ,"457 g, $1.05/100g",Crackers & Cookies,/p/21160860_EA
The Decadent Chocolate Chip Cookies,$11.49 ,$11.49 ,"1000 g, $1.15/100g",Crackers & Cookies,/p/20612258_EA
Chinese Pastry with Raisin & Sesame,$2.99 ,$2.99 ,"228 g, $1.31/100g",Crackers & Cookies,20593291003_EA
Dads Oatmeal Chocolate Chip Cookies,$4.29 ,$4.29 ,"305 g, $1.41/100g",Crackers & Cookies,/p/21014045_EA
Melba Toast Original Lunch,$3.89 ,$3.89 ,"200 g, $1.95/100g",Crackers & Cookies,20322163004_EA
Dark Chocolate Concerto Biscuits,$2.99 ,$2.99 ,"240 g, $1.25/100g",Crackers & Cookies,/p/20971821_EA
Butter Cookies Cappuccino Truffle,$2.99 ,$2.99 ,"240 g, $1.25/100g",Crackers & Cookies,/p/21471827_EA
M.Y Sans Crackers,$6.48 ,$6.48 ,"800 g, $0.81/100g",Crackers & Cookies,/p/21176798_EA
Bear Paws Scare Paws Cookies,$3.49 ,$3.49 ,"240 g, $1.45/100g",Crackers & Cookies,/p/20970524_EA
Snackbread,$3.79 ,$3.79 ,"125 g, $3.03/100g",Crackers & Cookies,20763958002_EA
Philippine Shortbread Cookies Pinipig Polvoron,$6.49 ,$6.49 ,"300 g, $2.16/100g",Crackers & Cookies,/p/21313450_EA
Ultimate Lemon Crème Cookies,$3.49 ,$3.49 ,"290 g, $1.20/100g",Crackers & Cookies,/p/20974346_EA
Belgian Chocolate Biscuit Collection,$13.99 ,$13.99 ,"500 g, $2.80/100g",Crackers & Cookies,/p/20967791_EA
Sourdough Rye Crispbread,$4.19 ,$4.19 ,"275 g, $1.52/100g",Crackers & Cookies,20138816002_EA
Melba Toast Whole Grain,$5.99 ,$5.99 ,"350 g, $1.71/100g",Crackers & Cookies,/p/20946162_EA
Oreo Golden Cookies,$3.49 ,$3.49 ,"225 g, $1.55/100g",Crackers & Cookies,/p/21362143_EA
Giant Hello Panda Chocolate,$8.49 ,$9.99 ,"258 g, $3.29/100g",Crackers & Cookies,/p/21181617_EA
Bear Paws Sandwich Cookies Chocolate,$3.49 ,$3.49 ,"168 g, $2.08/100g",Crackers & Cookies,/p/21193743_EA
Maple Leaf Cookies,$4.29 ,$4.29 ,"300 g, $1.43/100g",Crackers & Cookies,/p/21362340_EA
Melba Toast Sourdough Flavour,$5.99 ,$5.99 ,"400 g, $1.50/100g",Crackers & Cookies,/p/21520208_EA
Nutter Butter Peanut Butter,$4.79 ,$4.79 ,"453 g, $1.06/100g",Crackers & Cookies,/p/21236908_EA
"Crispbread, Multigrain",$3.49 ,$3.49 ,"175 g, $1.99/100g",Crackers & Cookies,/p/20070817_EA
Seaweed Rice Crackers,$7.49 ,$9.49 ,"308 g, $2.43/100g",Crackers & Cookies,/p/21455267_EA
Bear Paws Morning Snack Cereal and Vanilla Yogourt Cookies,$3.49 ,$3.49 ,"189 g, $1.85/100g",Crackers & Cookies,20642323002_EA
Viva Puffs Raspberry Cookies,$3.79 ,$3.79 ,"300 g, $1.26/100g",Crackers & Cookies,20025850002_EA
"Wafer, Vanilla",$3.29 ,$3.29 ,"175 g, $1.88/100g",Crackers & Cookies,/p/20325908_EA
Golden Rice Crackers Original Flavour,$4.99 ,$5.49 ,"160 g, $3.12/100g",Crackers & Cookies,/p/21455276_EA
Chips Ahoy! Chunks Cookies,$4.79 ,$4.79 ,"460 g, $1.04/100g",Crackers & Cookies,/p/21014086_EA
Senbei Rice Crackers Frosted,$5.99 ,$6.49 ,"520 g, $1.15/100g",Crackers & Cookies,/p/21162939_EA
Mini Cookies,$3.49 ,$3.49 ,"225 g, $1.55/100g",Crackers & Cookies,/p/21362139_EA
Baguettes Olive Oil and Sea Salt,$3.89 ,$3.89 ,"120 g, $3.24/100g",Crackers & Cookies,/p/21033188_EA
"Snak Paks Honey Cookies, 6 Pieces",$3.49 ,$3.49 ,"150 g, $2.33/100g",Crackers & Cookies,/p/21522348_EA
Belgian Chocolate Chunk Cookies,$3.49 ,$3.49 ,"150 g, $2.33/100g",Crackers & Cookies,/p/21295950_EA
The Decadent Soft Baked Chocolate Chip Cookies,$4.49 ,$4.49 ,"300 g, $1.50/100g",Crackers & Cookies,/p/20708586_EA
Baguettes Rosemary and Olive Oil,$3.89 ,$3.89 ,"120 g, $3.24/100g",Crackers & Cookies,/p/21033173_EA
Double Stuf Cookies,$4.79 ,$4.79 ,"436 g, $1.10/100g",Crackers & Cookies,/p/21517594_EA
Oatmeal Belgian Chocolate Cookies,$3.49 ,$3.49 ,"150 g, $2.33/100g",Crackers & Cookies,/p/21295949_EA
Milk Chocolate Covered Digestive Biscuits,$3.29 ,$3.29 ,"300 g, $1.10/100g",Crackers & Cookies,20325376001_EA
Fudgee-O Original Cookies,$4.79 ,$4.79 ,"488 g, $0.98/100g",Crackers & Cookies,/p/21520754_EA
Bin Bin Rice Crackers,$2.49 ,$2.99 ,"150 g, $1.66/100g",Crackers & Cookies,20296097001_EA
Shortbread Fingers,$3.99 ,$3.99 ,"150 g, $2.66/100g",Crackers & Cookies,/p/20098644_EA
Dads Oatmeal Chocolate Chip Cookies,$4.29 ,$4.29 ,"305 g, $1.41/100g",Crackers & Cookies,/p/21014045_EA
Melba Toast Original Lunch,$3.89 ,$3.89 ,"200 g, $1.95/100g",Crackers & Cookies,20322163004_EA
Honey Graham Wafers,$10.49 ,$10.49 ,"1200 g, $0.87/100g",Crackers & Cookies,/p/20606411_EA
Multigrain Melba Toast,$3.19 ,$3.19 ,"200 g, $1.60/100g",Crackers & Cookies,/p/20433236_EA
Belgian Chocolate Biscuit Collection,$13.99 ,$13.99 ,"500 g, $2.80/100g",Crackers & Cookies,/p/20967791_EA
Sourdough Rye Crispbread,$4.19 ,$4.19 ,"275 g, $1.52/100g",Crackers & Cookies,20138816002_EA
Melba Toast Whole Grain,$5.99 ,$5.99 ,"350 g, $1.71/100g",Crackers & Cookies,/p/20946162_EA
Oreo Golden Cookies,$3.49 ,$3.49 ,"225 g, $1.55/100g",Crackers & Cookies,/p/21362143_EA
"Big Shelly Senbei Rice Crackers, Original",$6.99 ,$7.49 ,"520 g, $1.34/100g",Crackers & Cookies,/p/20121806_EA
"Crackers, Mango Cream Sandwich",$1.89 ,$1.89 ,"175 g, $1.08/100g",Crackers & Cookies,/p/20028949_EA
Garden Vegetable Veggie Snaps,$5.49 ,$5.49 ,"180 g, $3.05/100g",Crackers & Cookies,/p/21306045_EA
Breton Morning Toasts Everything,$3.49 ,$3.49 ,"225 g, $1.55/100g",Crackers & Cookies,/p/21520706_EA
Water Crackers,$2.99 ,$2.99 ,"125 g, $2.39/100g",Crackers & Cookies,/p/20431236_EA
Bold ‘n Baked Sweet Chili,$3.29 ,$3.29 ,"150 g, $2.19/100g",Crackers & Cookies,/p/21217156_EA
Crackers jalapeño Jack Flavour Snack ,$4.29 ,$4.29 ,"213 g, $2.01/100g",Crackers & Cookies,/p/21449840_EA
Simply Naked Pita Chips 227g,$5.99 ,$5.99 ,"227 g, $2.64/100g",Crackers & Cookies,/p/20660270_EA
Red Chili Pepper Crackers ,$2.99 ,$2.99 ,"185 g, $1.62/100g",Crackers & Cookies,/p/21348584_EA
Sea Salt Baked Pita Crackers,$2.99 ,$2.99 ,"142 g, $2.11/100g",Crackers & Cookies,20588938003_EA
Unsalted Tops Soda Crackers,$3.49 ,$3.49 ,"500 g, $0.70/100g",Crackers & Cookies,20219188002_EA
Marie Gold Biscuits,$1.79 ,$1.79 ,"150 g, $1.19/100g",Crackers & Cookies,/p/20844075_EA
Cheez-It Baked Snack Crackers Original,$4.29 ,$4.29 ,"352 g, $1.22/100g",Crackers & Cookies,/p/21425132_EA
Pineapple Cakes,$2.79 ,$2.79 ,"224 g, $1.25/100g",Crackers & Cookies,/p/20593292_EA
Chinese Pastry with Raisin & Sesame,$2.99 ,$2.99 ,"228 g, $1.31/100g",Crackers & Cookies,20593291003_EA
Crostini Olive Oil and Sea Salt ,$4.99 ,$4.99 ,"150 g, $3.33/100g",Crackers & Cookies,/p/21298198_EA
Whippet Maple Cookies,$3.49 ,$3.49 ,"285 g, $1.22/100g",Crackers & Cookies,/p/21438894_EA
Quadratini Bite Size Wafer Cookies Hazelnut,$5.49 ,$5.49 ,"250 g, $2.20/100g",Crackers & Cookies,/p/21195373_EA
Orange Cream Wafers,$3.49 ,$3.49 ,"250 g, $1.40/100g",Crackers & Cookies,/p/20901932_EA
The Decadent Middle Chocolate Chip Cookie,$4.49 ,$4.49 ,"280 g, $1.60/100g",Crackers & Cookies,/p/20684269_EA
Olive Oil & Rosemary Melba Toast,$5.99 ,$5.99 ,"400 g, $1.50/100g",Crackers & Cookies,/p/21315744_EA
"Cookies, Chocolate Chip , No Sugar Added",$3.49 ,$3.49 ,"225 g, $1.55/100g",Crackers & Cookies,20315935009_EA
Crackers Double Cheese Flavour Snack,$4.29 ,$4.29 ,"213 g, $2.01/100g",Crackers & Cookies,/p/21451181_EA
Barbecue Rice Crackers,$1.49 ,$1.49 ,"100 g, $1.49/100g",Crackers & Cookies,20297188002_EA
"Good Thins Rice Crackers, Sea Salt & Pepper",$3.49 ,$3.49 ,"100 g, $3.49/100g",Crackers & Cookies,/p/21023022_EA
Cheese Nibs Sweet Chili & Sour Cream Crackers,$2.99 ,$2.99 ,"200 g, $1.50/100g",Crackers & Cookies,/p/21522564_EA
Asiago and Sundried Tomato Flavoured Mini Cheese Crackers,$3.49 ,$3.49 ,"200 g, $1.75/100g",Crackers & Cookies,20431569003_EA
Breton Original Bites,$3.49 ,$3.49 ,"200 g, $1.75/100g",Crackers & Cookies,20774684001_EA
Bold ‘n Baked Nacho Cheese ,$3.29 ,$3.29 ,"150 g, $2.19/100g",Crackers & Cookies,/p/21217158_EA
Original Snack Crackers,$2.99 ,$2.99 ,"225 g, $1.33/100g",Crackers & Cookies,20318892001_EA
Sweet Potato Veggie Snaps,$5.49 ,$5.49 ,"180 g, $3.05/100g",Crackers & Cookies,/p/21306046_EA
"Triscuit Dill, Sea Salt & Olive Oil Crackers",$2.99 ,$2.99 ,"200 g, $1.50/100g",Crackers & Cookies,/p/21032650_EA
"Mini Pita Crackers, Sea Salt",$2.99 ,$2.99 ,"142 g, $2.11/100g",Crackers & Cookies,/p/21380316_EA
Gourmet Rice Snacks Wild Black Japonica Rice,$4.49 ,$4.49 ,"155 g, $2.90/100g",Crackers & Cookies,/p/21358810_EA
Town House Pretzel FlipSides Oven Baked Crackers Original,$4.29 ,$4.29 ,"260 g, $1.65/100g",Crackers & Cookies,/p/21107393_EA
Breton Basil and Olive Oil Crackers,$3.49 ,$3.49 ,"200 g, $1.75/100g",Crackers & Cookies,/p/21520698_EA
Cookie Chips Ginger,$3.29 ,$3.29 ,"170 g, $1.94/100g",Crackers & Cookies,/p/21524542_EA
"Pretzel Crisps, Garlic Parmesan    ",$5.49 ,$5.49 ,"200 g, $2.75/100g",Crackers & Cookies,/p/20948939_EA
Mint Slamscuits,$3.99 ,$3.99 ,"240 g, $1.66/100g",Crackers & Cookies,/p/21314825_EA
Chinese Pastry with Egg,$2.99 ,$2.99 ,"228 g, $1.31/100g",Crackers & Cookies,20593291001_EA
"Chewy Cookies, Confetti Cake",$4.79 ,$4.79 ,"408 g, $1.17/100g",Crackers & Cookies,/p/21516320_EA
Whippet Milk Chocolate Caramel Cookies,$3.49 ,$3.49 ,"230 g, $1.52/100g",Crackers & Cookies,/p/21358211_EA
Honey Ball Cookies,$2.99 ,$2.99 ,"210 g, $1.42/100g",Crackers & Cookies,/p/20692706_EA
Lemon Meringue Dessert Cookies,$3.49 ,$3.49 ,"300 g, $1.16/100g",Crackers & Cookies,/p/20547111_EA
"Cream Wafers, Vanilla Flavour",$1.99 ,$2.29 ,"200 g, $1.00/100g",Crackers & Cookies,20312830004_EA
Oreo Chocolate Peanut Butter Pie Cookies,$4.79 ,$4.79 ,"482 g, $0.99/100g",Crackers & Cookies,/p/21362251_EA
Celebration Coffee Wafer Cookies,$2.99 ,$2.99 ,"240 g, $1.25/100g",Crackers & Cookies,/p/20965364_EA
Bear Paws Birthday Cake Cookies,$6.29 ,$6.29 ,"337 g, $1.87/100g",Crackers & Cookies,/p/21163319_EA
Melba Canapé Original,$4.29 ,$4.29 ,"150 g, $2.86/100g",Crackers & Cookies,20172823002_EA
Baguettes Bites Garlic Parmesan,$3.89 ,$3.89 ,"130 g, $2.99/100g",Crackers & Cookies,20313915002_EA
Goldfish  Flavour Blasted  Wild White Cheddar,$2.79 ,$3.29 ,"180 g, $1.55/100g",Crackers & Cookies,/p/21107203_EA
Goldfish  Cheddar 22 Pack,$8.99 ,$8.99 ,"616 g, $1.46/100g",Crackers & Cookies,/p/21039965_EA
Table Water Crackers,$3.29 ,$3.29 ,"125 g, $2.63/100g",Crackers & Cookies,/p/20321094_EA
"Veggie Crisps, Salt & Vinegar",$3.49 ,$3.49 ,"100 g, $3.49/100g",Crackers & Cookies,/p/21065623_EA
Salted Tops Soda Crackers,$3.49 ,$3.49 ,"500 g, $0.70/100g",Crackers & Cookies,20219188001_EA
Maria Cookies,$10.49 ,$10.49 ,"2 kg, $0.52/100g",Crackers & Cookies,/p/20426181_EA
Raisin and Black Currant Artisan Crisps,$6.00 ,$6.00 ,"150 g, $4.00/100g",Crackers & Cookies,/p/20501557_EA
"Cookies, Koala March Biscuits, Chocolate   ",$1.29 ,$1.49 ,"41 g, $3.15/100g",Crackers & Cookies,/p/20431025_EA
"Big Shelly Senbei Rice Crackers, Original",$2.79 ,$2.79 ,"122 g, $2.29/100g",Crackers & Cookies,/p/20113568_EA
Belgian Chocolate and Toffee Cookies,$3.49 ,$3.49 ,"150 g, $2.33/100g",Crackers & Cookies,/p/21295947_EA
Hearty Rye Crispbread,$4.19 ,$4.19 ,"275 g, $1.52/100g",Crackers & Cookies,20138816004_EA
"Pocky, Chocolate",$1.49 ,$1.79 ,"40 g, $3.73/100g",Crackers & Cookies,20073432001_EA
Bear Paws Chocolate Chip Cookies,$8.49 ,$8.49 ,"800 g, $1.06/100g",Crackers & Cookies,/p/21082047_EA
"Pretzel Crisps, Garlic Parmesan    ",$5.49 ,$5.49 ,"200 g, $2.75/100g",Crackers & Cookies,/p/20948939_EA
"Wafers, Strawberry",$3.29 ,$3.29 ,"300 g, $1.10/100g",Crackers & Cookies,20278802002_EA
Honey Crunchy Cubs Graham Cookies ,$4.99 ,$4.99 ,"210 g, $2.38/100g",Crackers & Cookies,/p/20574094_EA
"Cookies, Biscoff Caramelised Sandwich Biscuits with a Biscoff Cream Filling",$3.79 ,$3.79 ,"150 g, $2.53/100g",Crackers & Cookies,/p/21365663_EA
Fudgee-O Double Stuf Cookies,$2.99 ,$2.99 ,"303 g, $0.99/100g",Crackers & Cookies,/p/21005258_EA
Ultimate Maple Crème Cookies,$3.49 ,$3.49 ,"300 g, $1.16/100g",Crackers & Cookies,/p/20974343_EA
Mr Mini Cookies,$2.99 ,$2.99 ,"150 g, $1.99/100g",Crackers & Cookies,20066301002_EA
Blueberry Truffle Butter Cookies,$2.99 ,$2.99 ,"240 g, $1.25/100g",Crackers & Cookies,/p/21434592_EA
The World's Best Shortbread Cookies,$5.49 ,$5.49 ,"200 g, $2.75/100g",Crackers & Cookies,/p/20129504_EA
Chips Ahoy! Rainbow Cookies,$3.49 ,$3.49 ,"225 g, $1.55/100g",Crackers & Cookies,20303703003_EA
Whippet Sticks Coconut Cookies,$3.49 ,$3.49 ,"250 g, $1.40/100g",Crackers & Cookies,/p/20863158_EA
Mint Slamscuits,$3.99 ,$3.99 ,"240 g, $1.66/100g",Crackers & Cookies,/p/21314825_EA
Chinese Pastry with Egg,$2.99 ,$2.99 ,"228 g, $1.31/100g",Crackers & Cookies,20593291001_EA
Original Melba Toast,$3.19 ,$3.19 ,"200 g, $1.60/100g",Crackers & Cookies,/p/20437538_EA
Lifestyle Cranberry Citrus Oat Crunch,$4.29 ,$4.29 ,"290 g, $1.48/100g",Crackers & Cookies,20680490003_EA
Salt of the Alps Swiss Sticks,$2.49 ,$2.49 ,"100 g, $2.49/100g",Crackers & Cookies,/p/21346817_EA
Cookie Chips Ginger,$3.29 ,$3.29 ,"170 g, $1.94/100g",Crackers & Cookies,/p/21524542_EA
Chips Ahoy! Triple Chocolate Chunks Cookies,$2.99 ,$2.99 ,"251 g, $1.19/100g",Crackers & Cookies,/p/21361511_EA
Dads Oatmeal Chocolate Chip Cookies,$6.29 ,$6.29 ,"500 g, $1.26/100g",Crackers & Cookies,/p/21015632_EA
Creme Filled Salted Caramel Sandwich Cookies,$3.99 ,$3.99 ,"300 g, $1.33/100g",Crackers & Cookies,/p/21314856_EA
Fudge Striped Shortbread,$3.49 ,$3.49 ,"320 g, $1.09/100g",Crackers & Cookies,/p/21038223_EA
Baguettes Garden Herb,$3.89 ,$3.89 ,"120 g, $3.24/100g",Crackers & Cookies,/p/21033184_EA
Mini Croissants,$3.49 ,$3.49 ,"185 g, $1.89/100g",Crackers & Cookies,20318593002_EA
Croccantini Mini Crackers Rosemary,$4.99 ,$4.99 ,"170 g, $2.94/100g",Crackers & Cookies,/p/21348440_EA
Pocky Chocolate Banana Biscuit Sticks,$2.49 ,$2.69 ,"70 g, $3.56/100g",Crackers & Cookies,/p/21237372_EA
Soft-Baked White Chocolatey Macadamia Cookies,$3.49 ,$3.49 ,"240 g, $1.45/100g",Crackers & Cookies,/p/20984018_EA
"Breton Crackers, Garden Vegetable, Gluten Free",$3.49 ,$3.49 ,"135 g, $2.59/100g",Crackers & Cookies,/p/21520206_EA
Little Hearts Classic,$11.99 ,$11.99 ,"750 g, $1.60/100g",Crackers & Cookies,/p/21344080_EA
Koala's March Chocolate Cookies,$5.49 ,$5.99 ,"195 g, $2.82/100g",Crackers & Cookies,/p/20353341_EA
Vinta Roasted Red Pepper Crackers,$3.29 ,$3.29 ,"225 g, $1.46/100g",Crackers & Cookies,/p/21520702_EA
Crackers Sociables,$2.99 ,$2.99 ,"180 g, $1.66/100g",Crackers & Cookies,/p/21547037_EA
Cookies Pista-Almond,$3.29 ,$3.29 ,"231 g, $1.42/100g",Crackers & Cookies,/p/21023769_EA
Fire Roasted Jalapeño Flavour Pita Chips 208g,$5.99 ,$5.99 ,"208 g, $2.88/100g",Crackers & Cookies,/p/20899901_EA
Biscuits Family Pack,$4.19 ,$4.19 ,"540 g, $0.78/100g",Crackers & Cookies,/p/21205806_EA
"Jalapeno Crackers, School Snacks",$2.79 ,$2.79 ,"145 g, $1.92/100g",Crackers & Cookies,/p/21433256_EA
Premium Plus Whole Wheat Crackers-Soda,$4.49 ,$4.49 ,"500 g, $0.90/100g",Crackers & Cookies,20321709001_EA
Biscuit Original Glucose,$1.49 ,$1.49 ,"300 g, $0.50/100g",Crackers & Cookies,/p/20956495_EA
Sunflower Seeds Original Flavor,$2.49 ,$2.79 ,"260 g, $0.96/100g",Crackers & Cookies,/p/21461596_EA
"Cream Wafers, Lemon Flavour",$1.99 ,$2.29 ,"200 g, $1.00/100g",Crackers & Cookies,/p/20688027_EA
Celebration Milk Chocolate Cake,$2.99 ,$2.99 ,"240 g, $1.25/100g",Crackers & Cookies,/p/20965368_EA
Lemon Puff Lemon Flavoured Sandwich Biscuit,$2.99 ,$3.49 ,"288 g, $1.04/100g",Crackers & Cookies,/p/21384658_EA
Onion,$2.99 ,$2.99 ,"200 g, $1.50/100g",Crackers & Cookies,/p/20135900_EA
Melba Toast Original,$5.99 ,$5.99 ,"400 g, $1.50/100g",Crackers & Cookies,20307218001_EA
Hello Panda Strawberry,$1.99 ,$2.29 ,"60 g, $3.32/100g",Crackers & Cookies,/p/21183381_EA
Maple Wafers,$3.29 ,$3.29 ,"300 g, $1.10/100g",Crackers & Cookies,/p/21081841_EA
Biscuits ABC,$1.99 ,$2.89 ,"180 g, $1.11/100g",Crackers & Cookies,/p/21094940_EA
Milk Chocolate Crêpes,$3.29 ,$3.29 ,"100 g, $3.29/100g",Crackers & Cookies,/p/21030511_EA
Croissant With Cocoa & Vanilla Filling,$3.49 ,$3.49 ,"185 g, $1.89/100g",Crackers & Cookies,20318593001_EA
Family Size Crackers,$4.99 ,$4.99 ,"354 g, $1.41/100g",Crackers & Cookies,/p/21189848_EA
Original Rice Crackers,$1.49 ,$1.49 ,"100 g, $1.49/100g",Crackers & Cookies,20297188003_EA
Bacon Crackers,$2.99 ,$2.99 ,"180 g, $1.66/100g",Crackers & Cookies,/p/21547032_EA
Original Sour Cream & Onion Flavoured Popped Potato Snack,$4.29 ,$4.29 ,"142 g, $3.02/100g",Crackers & Cookies,/p/21432825_EA
Wheat Thins Sun Dried Tomato And Basil Crackers,$2.99 ,$2.99 ,"200 g, $1.50/100g",Crackers & Cookies,/p/20768797_EA
Four Cheese Crackers,$3.39 ,$3.39 ,"200 g, $1.70/100g",Crackers & Cookies,/p/21350254_EA
Grahams Honey Graham Crackers,$2.49 ,$2.49 ,"200 g, $1.25/100g",Crackers & Cookies,/p/20171785_EA
Triscuit Balsamic & Basil Crackers,$2.99 ,$2.99 ,"200 g, $1.50/100g",Crackers & Cookies,/p/21030764_EA
Tsokolate Crackers,$2.49 ,$2.49 ,"300 g, $0.83/100g",Crackers & Cookies,/p/21311874_EA
Onion Rice Crackers,$1.49 ,$1.49 ,"100 g, $1.49/100g",Crackers & Cookies,20297188005_EA
Crackers,$2.99 ,$2.99 ,"180 g, $1.66/100g",Crackers & Cookies,/p/21547023_EA
Goldfish  Original,$2.79 ,$2.79 ,"200 g, $1.40/100g",Crackers & Cookies,/p/20320900_EA
Mini Crisp & Thin Vegetable Crackers,$3.29 ,$3.29 ,"200 g, $1.65/100g",Crackers & Cookies,/p/21295605_EA
Cheese Sandwich Crackers,$3.29 ,$3.29 ,"180 g, $1.83/100g",Crackers & Cookies,/p/21297839_EA
Goldfish  Flavour Blasted  Screamin' Salt & Vinegar,$2.79 ,$3.29 ,"180 g, $1.55/100g",Crackers & Cookies,/p/20545692_EA
Crispers Salt And Vinegar Crackers,$2.79 ,$2.79 ,"145 g, $1.92/100g",Crackers & Cookies,/p/21358273_EA
Jos Louis The Original Cakes,$3.99 ,$3.99 ,"324 g, $1.23/100g",Snack Cakes,/p/20963606_EA
Vanilla Flavour Cakes 1/2 Lune Moon ,$3.99 ,$3.99 ,"282 g, $1.41/100g",Snack Cakes,/p/21027889_EA
Twinkies Cakes,$3.79 ,$3.79 ,"202 g, $1.88/100g",Snack Cakes,/p/21283752_EA
Muffin Bars Banana Chocolate Chip,$2.99 ,$4.49 ,"296 g, $1.01/100g",Snack Cakes,/p/21417380_EA
Flaky Pastries Apple-Raspberry,$3.99 ,$3.99 ,"305 g, $1.31/100g",Snack Cakes,/p/20976342_EA
Muffin Bars Birthday Cake,$2.99 ,$4.49 ,"296 g, $1.01/100g",Snack Cakes,/p/21363224_EA
Cupcakes Chocolate Cakes,$3.79 ,$3.79 ,"206 g, $1.84/100g",Snack Cakes,/p/21283746_EA
Little Bites™ Party Cake Muffins,$4.99 ,$4.99 ,"234 g, $2.13/100g",Snack Cakes,/p/21403214_EA
Little Bites Chocolate Chip Muffins,$4.99 ,$4.99 ,"234 g, $2.13/100g",Snack Cakes,/p/21121909_EA
Ah Louis™ Caramel/Red Velvet Cakes,$3.99 ,$3.99 ,"336 g, $1.19/100g",Snack Cakes,/p/21490910_EA
Bursting Blueberry,$2.99 ,$4.29 ,"280 g, $1.07/100g",Snack Cakes,/p/21529216_EA
Little Bites Blueberry Muffins,$4.99 ,$4.99 ,"234 g, $2.13/100g",Snack Cakes,/p/21121908_EA
Pulp Free Orange Juice,$5.49 ,$5.49 ,"2.5 l, $0.22/100ml",Juice,/p/21531644_EA
Pulp Free Orange Juice,$3.99 ,$3.99 ,"1.54 l, $0.26/100ml",Juice,/p/21430531_EA
Pulp Free Orange Juice,$7.99 ,$7.99 ,"2.63 l, $0.30/100ml",Juice,20151025001_EA
Orange Juice with Pulp,$5.49 ,$5.49 ,"2.5 l, $0.22/100ml",Juice,/p/21531646_EA
Original Lemonade,$3.49 ,$3.49 ,"1.89 l, $0.18/100ml",Juice,20773870001_EA
Pure Premium Orange Juice (Pulp Free),$7.49 ,$7.49 ,"2.63 l, $0.28/100ml",Juice,20119756001_EA
Orange Juice No Pulp ,$6.29 ,$6.29 ,"1.54 l, $0.41/100ml",Juice,/p/21209836_EA
Pomegranate Lemonade,$3.49 ,$3.49 ,"1.89 l, $0.18/100ml",Juice,/p/21425929_EA
Orange Pure Breakfast Juice,$2.29 ,$2.29 ,"960 ml, $0.24/100ml",Juice,20336722005_EA
Apple Juice,$2.29 ,$2.29 ,"960 ml, $0.24/100ml",Juice,20336722001_EA
"Orange Juice No Pulp, Not from Concentrate",$4.29 ,$4.49 ,"1.5 l, $0.29/100ml",Juice,/p/21376778_EA
Tropical Passion Fruit Juice,$2.29 ,$2.29 ,"960 ml, $0.24/100ml",Juice,20336722014_EA
"Clamato, Original",$4.29 ,$4.29 ,"1.89 l, $0.23/100ml",Juice,20318955002_EA
Blue Menu Pulp Free Orange Juice,$5.49 ,$5.49 ,"2.5 l, $0.22/100ml",Juice,/p/21531649_EA
"Pulp Free Orange Juice, Bottle",$4.99 ,$4.99 ,"1.54 l, $0.32/100ml",Juice,/p/21086068_EA
Apple Juice from Concentrate,$1.39 ,$1.39 ,"1 l, $0.14/100ml",Juice,/p/20087458_EA
Peach Lemonade,$3.49 ,$3.49 ,"1.89 l, $0.18/100ml",Juice,20773870002_EA
Mango Nectar,$2.29 ,$2.29 ,"960 ml, $0.24/100ml",Juice,20894117004_EA
Strawberry Lemonade,$3.49 ,$3.49 ,"1.89 l, $0.18/100ml",Juice,/p/20957804_EA
Orange Juice Without Pulp,$6.79 ,$6.79 ,"2.5 l, $0.27/100ml",Juice,/p/21362122_EA
Pure Apple Juice Low Acid,$1.69 ,$1.69 ,"1 l, $0.17/100ml",Juice,20307424001_EA
"Lemon Tea, Gable Top Carton",$2.49 ,$2.49 ,"1.75 l, $0.14/100ml",Juice,20348331004_EA
"Jammers, Blue Raspberry",$2.99 ,$2.99 ,"10x180.0 ml, $0.17/100ml",Juice,20079976006_EA
Unsweetened Orange Juice from Concentrate,$1.39 ,$1.39 ,"1 l, $0.14/100ml",Juice,/p/20320979_EA
"Orange Juice, Pulp Free",$3.49 ,$3.49 ,"1.75 l, $0.20/100ml",Juice,/p/20148160_EA
Single Strength Lemon Juice,$3.49 ,$3.49 ,"945 ml, $0.37/100ml",Juice,/p/20081313_EA
"100% Apple Juice From Concentrate, 8 Pack",$3.49 ,$3.49 ,"8x200.0 ml, $0.22/100ml",Juice,/p/21092667_EA
Pineapple Juice,$2.29 ,$2.29 ,"960 ml, $0.24/100ml",Juice,20336722008_EA
Lemon Juice,$2.69 ,$2.69 ,"946 ml, $0.28/100ml",Juice,/p/20642581_EA
"Jammers, Tropical Punch",$2.99 ,$2.99 ,"10x180.0 ml, $0.17/100ml",Juice,20079976001_EA
Strawberry Passion Awareness Fruit Beverage,$2.49 ,$2.49 ,"1.75 l, $0.14/100ml",Juice,20347440001_EA
Single Strength Lemon Juice,$1.39 ,$1.39 ,"125 ml, $1.11/100ml",Juice,20298903001_EA
Exotic Mango Fruit Juice,$2.29 ,$2.29 ,"960 ml, $0.24/100ml",Juice,20336722010_EA
Orange Juice with Pulp,$3.99 ,$3.99 ,"1.54 l, $0.26/100ml",Juice,/p/21430539_EA
With Pulp Orange Juice,$7.99 ,$7.99 ,"2.63 l, $0.30/100ml",Juice,20151025002_EA
Pineapple Nectar,$2.29 ,$2.29 ,"960 ml, $0.24/100ml",Juice,/p/21009822_EA
100% Apple Juice,$3.49 ,$3.49 ,"1.89 l, $0.18/100ml",Juice,/p/20531313_EA
Apple Grape Juice,$2.29 ,$2.29 ,"960 ml, $0.24/100ml",Juice,20336722004_EA
Orange Juice Some Pulp,$6.29 ,$6.29 ,"1.54 l, $0.41/100ml",Juice,/p/21209835_EA
"Jammers, Grape",$2.99 ,$2.99 ,"10x180.0 ml, $0.17/100ml",Juice,20079976003_EA
"100% Orange Juice From Concentrate, 8 Pack",$3.49 ,$3.49 ,"8x200.0 ml, $0.22/100ml",Juice,/p/21092673_EA
Mango Lemonade,$3.49 ,$3.49 ,"1.89 l, $0.18/100ml",Juice,/p/21002907_EA
Fruit Fusion Fruit Juice,$2.29 ,$2.29 ,"960 ml, $0.24/100ml",Juice,/p/21004477_EA
"Orange Juice with Pulp, Not from Concentrate",$4.29 ,$4.49 ,"1.5 l, $0.29/100ml",Juice,/p/21376780_EA
Blueberry Watermelon Wisdom Fruit Beverage,$2.49 ,$2.49 ,"1.75 l, $0.14/100ml",Juice,20347440004_EA
Berry Pomegranate Antioxidant Juice,$4.79 ,$4.79 ,"1.6 l, $0.30/100ml",Juice,/p/21529899_EA
Greatly Grape Juice Boxes,$2.69 ,$2.69 ,"5x200.0 ml, $0.27/100ml",Juice,/p/21235368_EA
Cranberry Cocktail,$6.49 ,$6.49 ,"3 l, $0.22/100ml",Juice,20574433001_EA
Concord Grape Juice,$2.49 ,$2.49 ,"900 ml, $0.28/100ml",Juice,20744072003_EA
Orange Fruit Drink,$1.49 ,$1.49 ,"240 ml, $0.62/100ml",Juice,/p/20865952_EA
Raspberry Juice,$2.49 ,$2.49 ,"900 ml, $0.28/100ml",Juice,/p/21520030_EA
Low Acid 100% Orange Juice Nutri Pulp Free,$3.99 ,$4.29 ,"1.75 l, $0.23/100ml",Juice,20345605001_EA
Pure Apple Juice,$2.39 ,$2.39 ,"1 l, $0.24/100ml",Juice,20640102001_EA
"Lemonade, Bottle",$3.49 ,$3.49 ,"1.89 l, $0.18/100ml",Juice,/p/20860830_EA
Pure Premium Homestyle (Some Pulp),$7.49 ,$7.49 ,"2.63 l, $0.28/100ml",Juice,20119756003_EA
Juice Drink Aam Panna Green Mango,$2.79 ,$2.79 ,"1 l, $0.28/100ml",Juice,/p/21529634_EA
Iced Tea,$2.29 ,$2.29 ,"1.75 l, $0.13/100ml",Juice,/p/20860677_EA
Iced Tea Blackberry,$2.69 ,$2.69 ,"547 ml, $0.47/100ml",Juice,/p/21507613_EA
Pure Orange Juice,$2.49 ,$2.49 ,"900 ml, $0.28/100ml",Juice,20744072005_EA
Dads Root Beer ,$5.99 ,$5.99 ,"4x355.0 ml, $0.42/100ml",Juice,0571264001_C04
Fruit Punch Drink,$2.49 ,$2.49 ,"2 l, $0.12/100ml",Juice,/p/20109062_EA
Tangy,$3.79 ,$3.79 ,"1.89 l, $0.20/100ml",Juice,/p/21102504_EA
Cranberry Raspberry Cocktail,$3.99 ,$3.99 ,"1.89 l, $0.21/100ml",Juice,/p/21518100_EA
Blonde Roast Iced Coffee,$8.49 ,$8.49 ,"1.42 l, $0.60/100ml",Juice,/p/21215527_EA
Passionate Peach Citrus Juice,$3.69 ,$3.69 ,"1.75 l, $0.21/100ml",Juice,20348331001_EA
Apple Juice from Concentrate ,$3.29 ,$3.29 ,"2 l, $0.16/100ml",Juice,/p/20527580_EA
Strawberry Passion Awareness,$1.99 ,$1.99 ,"1 l, $0.20/100ml",Juice,/p/21237911_EA
Orange Juice With Pulp,$3.49 ,$3.49 ,"1.75 l, $0.20/100ml",Juice,/p/20969308_EA
"100% Juice Blend, Cranberry Concord Grape",$6.99 ,$6.99 ,"3 l, $0.23/100ml",Juice,20574967002_EA
Berry Fusion Juice Boxes,$2.69 ,$2.69 ,"5x200.0 ml, $0.27/100ml",Juice,20310907006_EA
Sparkling Peach Grape Juice,$4.49 ,$4.49 ,"750 ml, $0.60/100ml",Juice,/p/20718847_EA
"Fruit Punch Juice Beverage, Carton",$1.99 ,$1.99 ,"1 l, $0.20/100ml",Juice,/p/21237894_EA
Peach Clementine Juice,$2.29 ,$2.29 ,"960 ml, $0.24/100ml",Juice,20336722012_EA
Strawberry Kiwi Juice Boxes,$2.69 ,$2.69 ,"5x200.0 ml, $0.27/100ml",Juice,20310907008_EA
Lemonade With Raspberry,$6.99 ,$6.99 ,"3 l, $0.27/100ml",Juice,20757160002_EA
Cranberry Cocktail,$4.29 ,$4.29 ,"1.89 l, $0.23/100ml",Juice,20300006008_EA
Cranberry Twist,$3.49 ,$3.49 ,"1.36 l, $0.26/100ml",Juice,20648778001_EA
"100% Juice Blend, Cranberry Pomegranate Cherry",$4.99 ,$4.99 ,"1.77 l, $0.28/100ml",Juice,/p/20982364_EA
"Clamato, Lime",$4.29 ,$4.29 ,"1.89 l, $0.23/100ml",Juice,20318955004_EA
"Low Acid 100% Orange Juice From Concentrate, Carton",$3.99 ,$3.99 ,"1.75 l, $0.23/100ml",Juice,20345605004_EA
Tomato Juice,$2.19 ,$2.19 ,"540 ml, $0.41/100ml",Juice,/p/20025557_EA
Single Strength Lime Juice,$2.99 ,$2.99 ,"440 ml, $0.68/100ml",Juice,/p/20072285_EA
Craft Caesar Mix,$7.99 ,$7.99 ,"946 ml, $0.84/100ml",Juice,/p/21006687_EA
Clamato Extra Spicy Rimmer,$4.99 ,$4.99 ,"190 g, $2.63/100g",Juice,/p/21031712_EA
Fruit Punch,$2.99 ,$2.99 ,"10x200.0 ml, $0.15/100ml",Juice,20503035003_EA
"Motts Clamato, Pickled Bean",$4.29 ,$4.29 ,"1.89 l, $0.23/100ml",Juice,/p/21006644_EA
Original Tomato Clam Cocktail,$3.49 ,$3.49 ,"1.89 l, $0.18/100ml",Juice,20506849003_EA
"Fruit Punch Juice Beverage, 10 Pack",$3.49 ,$3.49 ,"10x200.0 ml, $0.17/100ml",Juice,20327042001_EA
Fruit Fusion Fruit Juice Boxes,$3.49 ,$3.49 ,"8x200.0 ml, $0.22/100ml",Juice,/p/20944313_EA
Smooth Vegetable Cocktail,$3.49 ,$3.49 ,"1.89 l, $0.18/100ml",Juice,20506849001_EA
"Vegetable Cocktail, Original",$1.99 ,$1.99 ,"340 ml, $0.59/100ml",Juice,/p/20502975_EA
"Passionate Peach Juice, 8 Pack",$3.49 ,$3.49 ,"8x200.0 ml, $0.22/100ml",Juice,/p/21093557_EA
100% Carrot,$8.99 ,$8.99 ,"1.54 l, $0.58/100ml",Juice,/p/20036041_EA
Mango Nectar,$1.79 ,$1.79 ,"240 ml, $0.75/100ml",Juice,20314860001_EA
Strawberry Banana,$8.99 ,$8.99 ,"1.54 l, $0.58/100ml",Juice,/p/20288525_EA
Red Goodness,$6.49 ,$6.49 ,"946 ml, $0.69/100ml",Juice,/p/20732919_EA
Philippine Lemon Juice Calamansi,$1.99 ,$1.99 ,"520 ml, $0.38/100ml",Juice,/p/21406820_EA
"Cold Brew Coffee, Black Lightly Sweetened",$8.49 ,$8.49 ,"1.42 l, $0.60/100ml",Juice,/p/21203737_EA
Mango Nectar,$2.99 ,$2.99 ,"1 l, $0.30/100ml",Juice,/p/20573080_EA
Smoothie Tropical Mango,$4.79 ,$4.79 ,"1.6 l, $0.30/100ml",Juice,/p/21529907_EA
Low Calorie Cranberry Raspberry Cocktail,$4.29 ,$4.29 ,"1.89 l, $0.23/100ml",Juice,20300006001_EA
Smoothie Berry,$4.79 ,$4.79 ,"1.6 l, $0.30/100ml",Juice,/p/21530281_EA
Pear Nectar,$2.29 ,$2.29 ,"960 ml, $0.24/100ml",Juice,20894117005_EA
"Peach Juice, Bottle",$3.99 ,$4.49 ,"1.54 l, $0.26/100ml",Juice,/p/21170790_EA
"Rasberry Tea, Carafe",$3.99 ,$4.49 ,"1.75 l, $0.23/100ml",Juice,/p/21013895_EA
Prune Nectar Unsweetened,$5.49 ,$5.49 ,"1.36 l, $0.40/100ml",Juice,/p/20896738_EA
Peach Drink,$1.99 ,$1.99 ,"2 l, $0.10/100ml",Juice,20320439005_EA
Ginger Carrot Turmeric,$8.99 ,$8.99 ,"1540 ml, $0.58/100ml",Juice,/p/21362472_EA
Apple Orange Peach Juice,$2.49 ,$2.49 ,"900 ml, $0.28/100ml",Juice,20744072006_EA
Concord Grape 100% Juice Blend,$2.49 ,$2.49 ,"1 l, $0.25/100ml",Juice,/p/21080950_EA
Cranberry Lemonade Cocktail,$4.29 ,$4.29 ,"1.89 l, $0.23/100ml",Juice,/p/20702319_EA
100% Orange Mango Juice,$2.49 ,$2.49 ,"1 l, $0.25/100ml",Juice,/p/21080961_EA
Cranberry Cherry Cocktail,$4.29 ,$4.29 ,"1.89 l, $0.23/100ml",Juice,/p/20679625_EA
Berry Flavour Hibiscus Herbal Tea,$3.99 ,$3.99 ,"1.54 l, $0.26/100ml",Juice,/p/21430670_EA
Pineapple Breeze Juice,$2.49 ,$2.49 ,"900 ml, $0.28/100ml",Juice,20744072008_EA
Pure Apple Juice,$9.49 ,$9.49 ,"3.78 l, $0.25/100ml",Juice,20074489001_EA
Diet Cranberry Cocktail,$6.49 ,$6.49 ,"3 l, $0.22/100ml",Juice,20574433002_EA
Raspberry Kiwi Karma Fruit Beverage,$2.49 ,$2.49 ,"1.75 l, $0.14/100ml",Juice,20347440003_EA
Ruby Red Grapefruit Cocktail,$3.49 ,$3.49 ,"2 l, $0.18/100ml",Juice,20184617002_EA
Strawberry Banana Juice Boxes,$2.69 ,$2.69 ,"5x200.0 ml, $0.27/100ml",Juice,20310907004_EA
100% Orange Juice Classic ,$1.29 ,$1.29 ,"300 ml, $0.43/100ml",Juice,/p/21065740_EA
Matt & Steve's Caesar Rimmer,$4.99 ,$4.99 ,"150 g, $3.33/100g",Juice,/p/20650841_EA
Lemon Iced Tea,$4.49 ,$4.49 ,"1.75 l, $0.26/100ml",Juice,20755752002_EA
Low Calorie Cranberry Beverage Pink Lite,$4.29 ,$4.29 ,"1.89 l, $0.23/100ml",Juice,/p/21168530_EA
"with Pulp Orange Juice, Bottle",$4.99 ,$4.99 ,"1.54 l, $0.32/100ml",Juice,/p/21086085_EA
"Apple Juice, Bottle",$4.99 ,$4.99 ,"1.54 l, $0.32/100ml",Juice,/p/21086064_EA
Hibiscus Mango,$4.49 ,$4.49 ,"1.75 l, $0.26/100ml",Juice,/p/21160988_EA
Pure Pressed Pineapple Juice,$5.49 ,$5.49 ,"1.75 l, $0.31/100ml",Juice,/p/20321130_EA
Pure Premium Apple Juice,$5.99 ,$5.99 ,"1.75 l, $0.34/100ml",Juice,/p/20190053_EA
Wildly Berry Juice Boxes,$2.69 ,$2.69 ,"5x200.0 ml, $0.27/100ml",Juice,/p/21235347_EA
Blueberry Pomegranate Juice,$2.29 ,$2.29 ,"960 ml, $0.24/100ml",Juice,20336722026_EA
Pure Premium Homestyle (Some Pulp),$1.99 ,$1.99 ,"355 ml, $0.56/100ml",Juice,20139722002_EA
Cranberry Pineapple Cocktail,$4.29 ,$4.29 ,"1.89 l, $0.23/100ml",Juice,/p/21004750_EA
Hydrafruit Tropical Fruits Beverage,$2.29 ,$2.29 ,"960 ml, $0.24/100ml",Juice,/p/21433565_EA
Guava Nectar,$2.99 ,$2.99 ,"1 l, $0.30/100ml",Juice,/p/20573365_EA
Sparkling White Grape Juice,$4.49 ,$4.49 ,"750 ml, $0.60/100ml",Juice,/p/20158427_EA
"100% Juice Blends 100% Juice, Cranberry",$4.99 ,$4.99 ,"1.77 l, $0.28/100ml",Juice,/p/20982463_EA
Clementine Fruit Juice Boxes,$3.49 ,$3.49 ,"8x200.0 ml, $0.22/100ml",Juice,/p/21004459_EA
Tomato Juice,$2.79 ,$2.79 ,"1.36 l, $0.21/100ml",Juice,/p/20567432_EA
Clamato Rimmer,$4.99 ,$4.99 ,"200 g, $2.50/100g",Juice,/p/20118421_EA
Exotic Mango Fruit Juice,$3.49 ,$3.49 ,"8x200.0 ml, $0.22/100ml",Juice,20315764007_EA
Strawberry Kiwi Fruit Juice Boxes,$3.49 ,$3.49 ,"8x200.0 ml, $0.22/100ml",Juice,/p/21004487_EA
"Clamato, Extra Spicy",$4.29 ,$4.29 ,"1.89 l, $0.23/100ml",Juice,20318955003_EA
Rose Dealcoholized Wine,$7.99 ,$7.99 ,"750 ml, $1.07/100ml",Juice,/p/21305907_EA
Matt & Steve's Caesar Rimmer,$4.99 ,$4.99 ,"150 g, $3.33/100g",Juice,/p/20650841_EA
"Rasberry Tea, Jug",$6.99 ,$6.99 ,"2.63 l, $0.27/100ml",Juice,/p/21086080_EA
"100% Juice Blend, Cranberry",$6.99 ,$6.99 ,"3 l, $0.23/100ml",Juice,20574967001_EA
Lemon Iced Tea,$4.49 ,$4.49 ,"1.75 l, $0.26/100ml",Juice,20755752002_EA
Low Calorie Cranberry Beverage Pink Lite,$4.29 ,$4.29 ,"1.89 l, $0.23/100ml",Juice,/p/21168530_EA
"with Pulp Orange Juice, Bottle",$4.99 ,$4.99 ,"1.54 l, $0.32/100ml",Juice,/p/21086085_EA
"Apple Juice, Bottle",$4.99 ,$4.99 ,"1.54 l, $0.32/100ml",Juice,/p/21086064_EA
Hibiscus Mango,$4.49 ,$4.49 ,"1.75 l, $0.26/100ml",Juice,/p/21160988_EA
Clamato Rimmer,$4.99 ,$4.99 ,"200 g, $2.50/100g",Juice,/p/20118421_EA
Exotic Mango Fruit Juice,$3.49 ,$3.49 ,"8x200.0 ml, $0.22/100ml",Juice,20315764007_EA
"Clamato, Extra Spicy",$4.29 ,$4.29 ,"1.89 l, $0.23/100ml",Juice,20318955003_EA
Rose Dealcoholized Wine,$7.99 ,$7.99 ,"750 ml, $1.07/100ml",Juice,/p/21305907_EA
Vegetable Cocktail,$3.99 ,$3.99 ,"6x156.0 ml, $0.43/100ml",Juice,20297564002_EA
Clamato Reserve     ,$6.49 ,$6.49 ,"1 l, $0.65/100ml",Juice,/p/21237410_EA
Lime Juice,$1.99 ,$1.99 ,"445 ml, $0.45/100ml",Juice,/p/20971992_EA
"No Sugar Fruit Punch Juice Beverage, 8 Pack",$3.49 ,$3.49 ,"8x200.0 ml, $0.22/100ml",Juice,/p/21171755_EA
Lemon Garlic Juice,$1.69 ,$1.69 ,"240 ml, $0.70/100ml",Juice,/p/21229645_EA
"100% Juice Blends 100% Juice, Cranberry",$4.99 ,$4.99 ,"1.77 l, $0.28/100ml",Juice,/p/20982463_EA
Mango Juice Nectar,$1.19 ,$1.19 ,"250 ml, $0.48/100ml",Juice,20431294005_EA
"Organic 100% Florida Orange Juice, Pulp Free",$9.99 ,$9.99 ,"1.75 l, $0.57/100ml",Juice,20107760001_EA
Guava Juice Nectar,$1.19 ,$1.19 ,"250 ml, $0.48/100ml",Juice,20431294001_EA
Blue Goodness,$6.49 ,$6.49 ,"946 ml, $0.69/100ml",Juice,/p/20319871_EA
Peach Tea,$4.49 ,$4.49 ,"1.75 l, $0.26/100ml",Juice,/p/20958183_EA
Apple Juice Beverage,$3.29 ,$3.29 ,"2 l, $0.16/100ml",Juice,/p/20527577_EA
"Cranberry Cocktail, Light",$4.29 ,$4.29 ,"1.89 l, $0.23/100ml",Juice,20300006005_EA
"100% Juice Blends 100% Juice, Cranberry and Pomegranate",$4.99 ,$4.99 ,"1.77 l, $0.28/100ml",Juice,/p/20982367_EA
Cranberry Cocktail,$6.99 ,$6.99 ,"3.78 l, $0.18/100ml",Juice,20168886001_EA
Diet Cranberry & Pomegranate Cocktail,$4.29 ,$4.29 ,"1.89 l, $0.23/100ml",Juice,20300006004_EA
Mr & Mrs T Pina Colada Mix,$5.49 ,$5.49 ,"1 l, $0.55/100ml",Juice,/p/21104307_EA
Mango Pineapple Juice,$3.49 ,$3.49 ,"1.36 l, $0.26/100ml",Juice,20628420004_EA
Grape Drink,$1.99 ,$1.99 ,"2 l, $0.10/100ml",Juice,20320439004_EA
Slim Orange Passion Fruit,$3.49 ,$3.49 ,"1.36 l, $0.26/100ml",Juice,/p/21520027_EA
", Carton",$3.69 ,$3.69 ,"1.75 l, $0.21/100ml",Juice,20348331002_EA
"Pulp Free Orange Juice, Calcium & Vitamin D Added",$7.49 ,$7.49 ,"2.63 l, $0.28/100ml",Juice,20324177001_EA
Mango Juice Boxes,$2.69 ,$2.69 ,"5x200.0 ml, $0.27/100ml",Juice,/p/20943276_EA
Premium Pineapple Juice,$4.79 ,$4.79 ,"1.36 l, $0.35/100ml",Juice,/p/20037838_EA
Cucumber Mint Flavour Green Tea,$3.99 ,$3.99 ,"1.54 l, $0.26/100ml",Juice,/p/21430567_EA
Mango Juice,$2.49 ,$2.49 ,"900 ml, $0.28/100ml",Juice,20744072004_EA
Fruit Plus Veggies Orange Mango Juice Boxes,$3.79 ,$3.79 ,"5x200.0 ml, $0.38/100ml",Juice,/p/21520061_EA
Fruity Punch Juice Boxes,$2.69 ,$2.69 ,"5x200.0 ml, $0.27/100ml",Juice,/p/21235354_EA
"Peach Mango Juice Beverage, Carton",$1.99 ,$1.99 ,"1 l, $0.20/100ml",Juice,/p/21237907_EA
Ruby Red Grapefruit Juice,$4.99 ,$4.99 ,"1.54 l, $0.32/100ml",Juice,/p/21430546_EA
Lemonade,$6.99 ,$6.99 ,"2.63 l, $0.27/100ml",Juice,20757160001_EA
"Zero Sugar Tea, Bottle",$3.49 ,$3.49 ,"1.89 l, $0.18/100ml",Juice,/p/20861170_EA
Vanilla Chai Tea,$6.49 ,$6.49 ,"946 ml, $0.69/100ml",Juice,/p/20322371_EA
Pink Lemonade,$3.99 ,$4.49 ,"1.54 l, $0.26/100ml",Juice,/p/21434019_EA
Strawberry Banana Juice,$3.49 ,$3.49 ,"1.36 l, $0.26/100ml",Juice,20628420017_EA
Coconut Juice,$1.99 ,$1.99 ,"520 ml, $0.38/100ml",Juice,/p/20348724_EA
"Cranberry Cocktail, Light",$4.29 ,$4.29 ,"1.89 l, $0.23/100ml",Juice,20300006005_EA
"100% Juice Blends 100% Juice, Cranberry and Pomegranate",$4.99 ,$4.99 ,"1.77 l, $0.28/100ml",Juice,/p/20982367_EA
Cran Tropical Cocktail,$4.29 ,$4.29 ,"1.89 l, $0.23/100ml",Juice,/p/21218675_EA
Premium Pineapple Juice ,$4.79 ,$4.79 ,"4x250.0 ml, $0.48/100ml",Juice,p/21104434_C04
Gold Peak Iced Tea (Natural Lemon Flavour),$3.99 ,$4.49 ,"1.75 l, $0.23/100ml",Juice,/p/21013891_EA
"100% Apple Juice From Concentrate, Carton",$1.99 ,$1.99 ,"1 l, $0.20/100ml",Juice,20336726001_EA
Berry Juice,$3.49 ,$3.49 ,"8x200.0 ml, $0.22/100ml",Juice,/p/21382154_EA
Unsweetened Orange Juice from Concentrate Boxes,$2.99 ,$2.99 ,"10x200.0 ml, $0.15/100ml",Juice,/p/20148495_EA
Apple Juice,$3.49 ,$3.49 ,"8x200.0 ml, $0.22/100ml",Juice,20315764002_EA
Hydrafruit Peach Juice Boxes,$3.49 ,$3.49 ,"200 ml, $1.75/100ml",Juice,/p/21518021_EA
Jalapeno Lemonade,$4.49 ,$4.49 ,"1.54 l, $0.29/100ml",Juice,/p/21430650_EA
Medium Roast Black Cold Brew Coffee,$5.49 ,$5.49 ,"900 ml, $0.61/100ml",Juice,/p/21397831_EA
V-Go Vegetable Cocktail,$4.49 ,$4.49 ,"1.89 l, $0.24/100ml",Juice,20077351002_EA
Juice Assorted Flavours (Case),$15.49 ,$15.49 ,"40x200.0 ml, $0.19/100ml",Juice,p/21030520_C01
Ruby Red Grapefruit Juice,$4.99 ,$4.99 ,"1.54 l, $0.32/100ml",Juice,/p/21430546_EA
Mango Juice,$2.49 ,$2.49 ,"900 ml, $0.28/100ml",Juice,20744072004_EA
Fruit Plus Veggies Orange Mango Juice Boxes,$3.79 ,$3.79 ,"5x200.0 ml, $0.38/100ml",Juice,/p/21520061_EA
Fruit Medley Juice Boxes,$2.69 ,$2.69 ,"5x200.0 ml, $0.27/100ml",Juice,20310907007_EA
100% Apple Juice,$2.49 ,$2.49 ,"1 l, $0.25/100ml",Juice,/p/20501952_EA
Citrus Juice,$1.99 ,$1.99 ,"1 l, $0.20/100ml",Juice,20034158002_EA
"Garden Cocktail, Low Sodium",$4.29 ,$4.29 ,"1.89 l, $0.23/100ml",Juice,20182121003_EA
Garden Cocktail,$4.29 ,$4.29 ,"1.89 l, $0.23/100ml",Juice,20182121002_EA
"Jammers, Orange",$2.99 ,$2.99 ,"10x180.0 ml, $0.17/100ml",Juice,20079976005_EA
100% Apple & Grape,$4.29 ,$4.29 ,"10x200.0 ml, $0.21/100ml",Juice,/p/21061947_EA
Spicy Tomato Clam Cocktail,$3.49 ,$3.49 ,"1.89 l, $0.18/100ml",Juice,20506849002_EA
8-Vegetable Cocktail,$3.49 ,$3.49 ,"1.89 l, $0.18/100ml",Juice,20506849005_EA
Fruit Punch Cocktail,$1.69 ,$1.69 ,"1 l, $0.17/100ml",Juice,20307424002_EA
"Cocktail, Cranberry Black Cherry",$3.49 ,$3.49 ,"1.89 l, $0.18/100ml",Juice,20628589001_EA
Fruit Plus Veggies Orange Mango Juice,$3.49 ,$3.49 ,"1.36 l, $0.26/100ml",Juice,/p/21518098_EA
Blueberry Burst,$3.49 ,$3.49 ,"1.36 l, $0.26/100ml",Juice,20648778002_EA
"Lemon Tea, Bottle",$3.49 ,$3.49 ,"1.89 l, $0.18/100ml",Juice,/p/20861192_EA
Cucumber Mint Flavour Green Tea,$3.99 ,$3.99 ,"1.54 l, $0.26/100ml",Juice,/p/21430567_EA
100% Carrot,$6.49 ,$6.49 ,"946 ml, $0.69/100ml",Juice,/p/20164122_EA
Coconut Water with Pulp,$1.79 ,$1.79 ,"500 ml, $0.36/100ml",Juice,/p/20425671_EA
100% Pure Coconut Water,$1.79 ,$1.79 ,"500 ml, $0.36/100ml",Juice,/p/21027754_EA
Green Goodness,$6.49 ,$6.49 ,"946 ml, $0.69/100ml",Juice,/p/20301788_EA
Lemon Iced Tea,$2.49 ,$2.49 ,"2 l, $0.12/100ml",Juice,/p/21433563_EA
Amazing Mango,$8.99 ,$8.99 ,"1.54 l, $0.58/100ml",Juice,/p/20589751_EA
Cranberry Cocktail,$3.49 ,$3.49 ,"1.89 l, $0.18/100ml",Juice,20307025001_EA
Low-Calorie Green Tea with Ginseng and Honey,$2.29 ,$2.29 ,"960 ml, $0.24/100ml",Juice,/p/21220749_EA
Diet Cran-Lemonade Cocktail,$4.29 ,$4.29 ,"1.89 l, $0.23/100ml",Juice,/p/20704480_EA
Cran-Pom Cocktail,$4.29 ,$4.29 ,"1.89 l, $0.23/100ml",Juice,20300006002_EA
Orange Juice With Pulp,$6.79 ,$6.79 ,"2.5 l, $0.27/100ml",Juice,/p/21362116_EA
Ruby Red Grapefruit Cocktail,$6.49 ,$6.49 ,"3 l, $0.22/100ml",Juice,/p/20575044_EA
Cranberry Cocktail,$1.69 ,$1.69 ,"1 l, $0.17/100ml",Juice,/p/21222633_EA
Diet Cranberry Mango Cocktail,$4.29 ,$4.29 ,"1.89 l, $0.23/100ml",Juice,20894889002_EA
Ambrosia Pure Apple Juice,$2.49 ,$2.49 ,"900 ml, $0.28/100ml",Juice,20744072001_EA
100% Natural Organic Coconut Water,$1.89 ,$3.49 ,"330 ml, $0.57/100ml",Juice,/p/21529637_EA
Peach Party,$2.49 ,$2.49 ,"1.75 l, $0.14/100ml",Juice,/p/21170681_EA
Lemonade,$2.99 ,$2.99 ,"1.75 l, $0.17/100ml",Juice,/p/20782771_EA
Orange Juice Lots of Pulp,$6.29 ,$6.29 ,"1.54 l, $0.41/100ml",Juice,/p/21209834_EA
Cranberry Cocktail,$6.99 ,$6.99 ,"3.78 l, $0.18/100ml",Juice,/p/20305325_EA
Mango & Peach Real Fruit Beverage,$3.99 ,$3.99 ,"1.75 l, $0.23/100ml",Juice,/p/21154106_EA
"Iced Coffee, Caramel Macchiato Flavoured With Real Milk And Cream, 5 Servings",$6.99 ,$6.99 ,"1.89 l, $0.37/100ml",Juice,/p/21364851_EA
Deliciously Purple Fruit and Vegetable Juice,$2.29 ,$2.29 ,"960 ml, $0.24/100ml",Juice,20336722021_EA
Real Fruit Beverage Pomegranate,$3.99 ,$3.99 ,"1.75 l, $0.23/100ml",Juice,/p/21154289_EA
Fruit Medley Juice,$2.49 ,$2.49 ,"900 ml, $0.28/100ml",Juice,/p/21519969_EA
Razzleberry,$2.49 ,$2.49 ,"1.75 l, $0.14/100ml",Juice,/p/21170670_EA
Cranberry Raspberry Cocktail,$4.29 ,$4.29 ,"1.89 l, $0.23/100ml",Juice,20300006009_EA
Strawberry & Guava Nectar,$2.99 ,$2.99 ,"1 l, $0.30/100ml",Juice,/p/20573386_EA
Mango Passion,$3.99 ,$4.49 ,"1.54 l, $0.26/100ml",Juice,/p/21434100_EA
Lemonade,$3.99 ,$4.49 ,"1.54 l, $0.26/100ml",Juice,/p/21434119_EA
Grape Cranberry Cocktail,$3.49 ,$3.49 ,"1.89 l, $0.18/100ml",Juice,20628589002_EA
Apple Juice,$3.49 ,$3.49 ,"1.75 l, $0.20/100ml",Juice,/p/20311281_EA
T Margarita Mix,$5.49 ,$5.49 ,"1 l, $0.55/100ml",Juice,/p/21104285_EA
8-Vegetable Cocktail,$3.49 ,$3.49 ,"1.89 l, $0.18/100ml",Juice,20506849004_EA
"No Sugar Watermelon Blueberry Juice Beverage, 8 Pack",$3.49 ,$3.49 ,"8x200.0 ml, $0.22/100ml",Juice,/p/21175257_EA
"Vegetable Cocktail, Low Sodium",$3.99 ,$3.99 ,"6x156.0 ml, $0.43/100ml",Juice,20297564001_EA
Realime Single Strength Lime Juice,$1.39 ,$1.39 ,"125 ml, $1.11/100ml",Juice,20298903002_EA
Tomato Juice,$4.29 ,$4.29 ,"1.36 l, $0.32/100ml",Juice,/p/20173906_EA
Sparkling Raspberry Grape Juice,$4.49 ,$4.49 ,"750 ml, $0.60/100ml",Juice,/p/20298554_EA
"Citrus Juice, 8 Pack",$3.49 ,$3.49 ,"8x200.0 ml, $0.22/100ml",Juice,/p/21093553_EA
"Clamato, Extra Spicy",$5.29 ,$5.29 ,"2.54 l, $0.21/100ml",Juice,20167772001_EA
Extra Spicy Craft Caesar Mix,$7.99 ,$7.99 ,"946 ml, $0.84/100ml",Juice,/p/21351193_EA
Tomato Juice,$2.99 ,$2.99 ,"1.36 l, $0.22/100ml",Juice,/p/20504792_EA
Craft Caesar Mix Mild Spice,$7.99 ,$7.99 ,"946 ml, $0.84/100ml",Juice,/p/21006678_EA
"Fruit Punch, No Sugar Added",$3.99 ,$4.49 ,"1.54 l, $0.26/100ml",Juice,/p/21434122_EA
Daily Greens,$6.49 ,$6.49 ,"946 ml, $0.69/100ml",Juice,/p/21290793_EA
Cold Brew Nitro Black Coffee,$2.99 ,$2.99 ,"355 ml, $0.93/100ml",Juice,/p/21087669_EA
Grape Juice Boxes,$2.69 ,$2.69 ,"5x200.0 ml, $0.27/100ml",Juice,20310907003_EA
Sno-Berry,$6.99 ,$6.99 ,"12x341.0 ml, $0.17/100ml",Juice,p/21437103_C12
Pure Premium Grovestand (Lots Of Pulp),$7.49 ,$7.49 ,"2.63 l, $0.28/100ml",Juice,20119756002_EA
Juice Drink Dragon Fruit,$2.79 ,$2.79 ,"1 l, $0.28/100ml",Juice,/p/21529635_EA
Cranberry Cocktail,$3.99 ,$3.99 ,"1.89 l, $0.21/100ml",Juice,/p/21518094_EA
Peach Cocktail,$1.69 ,$1.69 ,"1 l, $0.17/100ml",Juice,20307424003_EA
100% Mango Juice,$4.29 ,$4.29 ,"10x200.0 ml, $0.21/100ml",Juice,/p/21061883_EA
"Clamato, Original",$5.29 ,$5.29 ,"2.54 l, $0.21/100ml",Juice,20167772002_EA
Blackberry Blueberry Fruit Drink   ,$4.49 ,$4.49 ,"1.54 l, $0.29/100ml",Juice,/p/21354972_EA
Extra Pulp Orange Juice,$3.99 ,$3.99 ,"1.54 l, $0.26/100ml",Juice,/p/21430537_EA
 Original Lemonade,$4.49 ,$4.49 ,"1.54 l, $0.29/100ml",Juice,/p/21430542_EA
Banana Strawberry Flavour 100% Juice Blend,$4.29 ,$4.29 ,"10x200.0 ml, $0.21/100ml",Juice,/p/21061898_EA
M Strawberry Watermelon,$4.29 ,$4.29 ,"10x200.0 ml, $2.15/100ml",Juice,/p/21358303_EA
Grape Drink,$2.99 ,$2.99 ,"10x200.0 ml, $0.15/100ml",Juice,20503035004_EA
Iced Tea,$2.99 ,$2.99 ,"10x200.0 ml, $0.15/100ml",Juice,/p/21084957_EA
"Lemonade, Bottle",$3.99 ,$4.49 ,"1.54 l, $0.26/100ml",Juice,/p/21170793_EA
"Berry Fusion, Wildberry Juice",$2.49 ,$2.49 ,"900 ml, $0.28/100ml",Juice,20744072011_EA
Fruit Punch,$1.99 ,$1.99 ,"2 l, $0.10/100ml",Juice,20320439003_EA
"Vegetable Cocktail, Original",$2.99 ,$2.99 ,"950 ml, $0.31/100ml",Juice,/p/20109398_EA
Red Grapefruit,$5.99 ,$5.99 ,"1.54 l, $0.39/100ml",Juice,/p/21209809_EA
Prune Nectar,$6.99 ,$6.99 ,"1.36 l, $0.51/100ml",Juice,/p/21478800_EA
Honey Yuzu Citrus Flavoured Lemonade,$3.49 ,$3.49 ,"1.89 l, $0.18/100ml",Juice,/p/21371826_EA
"100% Juice Blends 100% Juice, Cranberry and Grape",$4.99 ,$4.99 ,"1.77 l, $0.28/100ml",Juice,/p/20982405_EA
Classic 100% Apple Juice,$1.29 ,$1.29 ,"300 ml, $0.43/100ml",Juice,/p/21065052_EA
Peach Drink,$2.49 ,$2.49 ,"2 l, $0.12/100ml",Juice,20340058005_EA
"Clamato, The Works",$4.29 ,$4.29 ,"1.89 l, $0.23/100ml",Juice,20318955001_EA
"Jammers, Cherry",$2.99 ,$2.99 ,"10x180.0 ml, $0.17/100ml",Juice,20079976002_EA
"Jammers, Strawberry Kiwi",$2.99 ,$2.99 ,"10x180.0 ml, $0.17/100ml",Juice,20079976004_EA
100% Natural Iced Tea with Lemon,$3.49 ,$3.49 ,"8x200.0 ml, $0.22/100ml",Juice,/p/21165148_EA
M Cherry Peach,$4.29 ,$4.29 ,"10x200.0 ml, $2.15/100ml",Juice,/p/21358302_EA
Caesar Squeezer Caesar Seasoning Sauce Main Squeeze,$8.99 ,$8.99 ,"250 ml, $3.60/100ml",Juice,/p/21395028_EA
Premium Brewed Ginseng and Honey Green Tea,$3.49 ,$3.49 ,"8x200.0 ml, $0.22/100ml",Juice,/p/21209650_EA
100% Apple Juice,$4.29 ,$4.29 ,"10x200.0 ml, $0.21/100ml",Juice,/p/21061913_EA
"Grape Punch Juice Beverage, 10 Pack",$3.49 ,$3.49 ,"10x200.0 ml, $0.17/100ml",Juice,20500372005_EA
"Berry Citrus Juice, 8 Pack",$3.49 ,$3.49 ,"8x200.0 ml, $0.22/100ml",Juice,/p/21093555_EA
Caesar Mix Vegan    ,$7.99 ,$7.99 ,"946 ml, $0.84/100ml",Juice,/p/21180473_EA
Watermelon Apple Fruit Juice Boxes,$3.49 ,$3.49 ,"8x200.0 ml, $0.22/100ml",Juice,/p/20944455_EA
Craft Caesar Mix Dill Pickle,$7.99 ,$7.99 ,"946 ml, $0.84/100ml",Juice,/p/21532714_EA
"Tangy Original, Club Pack",$5.49 ,$5.49 ,"3.78 l, $0.15/100ml",Juice,/p/20991105_EA
Diet Cranberry Juice,$4.29 ,$4.29 ,"1.89 l, $0.23/100ml",Juice,20300006003_EA
"Smooth, Club Pack",$5.49 ,$5.49 ,"3.78 l, $0.15/100ml",Juice,/p/20991013_EA
Tropics Orange Strawberry,$4.49 ,$4.49 ,"1.75 l, $0.26/100ml",Juice,20315635001_EA
"Lemon Tea, Jug",$6.99 ,$6.99 ,"2.63 l, $0.27/100ml",Juice,/p/21086076_EA
100% Tropical Juice,$2.49 ,$2.49 ,"1 l, $0.25/100ml",Juice,/p/21080947_EA
100% Cranberry Juice Blend,$3.79 ,$3.79 ,"1.89 l, $0.20/100ml",Juice,20320042002_EA
Lavender Flavour White Tea,$3.99 ,$3.99 ,"1.54 l, $0.26/100ml",Juice,/p/21430637_EA
"Watermelon  Juice, Bottle",$3.99 ,$4.49 ,"1.54 l, $0.26/100ml",Juice,/p/21170702_EA
"100% Juice Blends 100% Juice, Cranberry & Mango",$4.99 ,$4.99 ,"1.77 l, $0.28/100ml",Juice,/p/20981849_EA
Smoothie Strawberry Banana,$4.79 ,$4.79 ,"1.6 l, $0.30/100ml",Juice,/p/21529910_EA
100% Mango Juice ,$2.49 ,$2.49 ,"1 l, $0.25/100ml",Juice,/p/21080954_EA
Lemon Iced Tea,$5.29 ,$5.29 ,"3.78 l, $0.14/100ml",Juice,20276318003_EA
Pure Premium Apple Juice,$1.99 ,$1.99 ,"355 ml, $0.56/100ml",Juice,20139722003_EA
Cranberry Mango Cocktail,$4.29 ,$4.29 ,"1.89 l, $0.23/100ml",Juice,20894889001_EA
Pink Lemonade,$2.99 ,$2.99 ,"1.75 l, $0.17/100ml",Juice,/p/20860007_EA
Pineapple Mango With Lime Beverage  ,$4.49 ,$4.49 ,"1.54 l, $0.29/100ml",Juice,/p/21354951_EA
Raspberry Iced Tea,$4.49 ,$4.49 ,"1.75 l, $0.26/100ml",Juice,20755752001_EA
100% Apple Grape Juice,$2.49 ,$2.49 ,"1 l, $0.25/100ml",Juice,/p/21080953_EA
Cocktail Cranberry Pink,$4.29 ,$4.29 ,"1.89 l, $0.23/100ml",Juice,/p/21167178_EA
Guava Nectar,$2.29 ,$2.29 ,"960 ml, $0.24/100ml",Juice,20894117003_EA
Dark Roast Black Cold Brew Coffee,$5.49 ,$5.49 ,"900 ml, $0.61/100ml",Juice,/p/21022542_EA
Smoothie Green Activ,$4.79 ,$4.79 ,"1.6 l, $0.30/100ml",Juice,/p/21529938_EA
Tropics Orange Peach Mang,$4.49 ,$4.49 ,"1.75 l, $0.26/100ml",Juice,20315635002_EA
Peach Pear Juice,$2.49 ,$2.49 ,"900 ml, $0.28/100ml",Juice,/p/21520033_EA
"Real Fruit Beverage Peach Mango, 8",$3.49 ,$3.49 ,"8x200.0 ml, $0.22/100ml",Juice,/p/21175259_EA
Strawberry Banana Juice Boxes,$3.49 ,$3.49 ,"8x200.0 ml, $0.22/100ml",Juice,20315764008_EA
M Mango Pineapple,$4.29 ,$4.29 ,"10x200.0 ml, $2.15/100ml",Juice,/p/21358212_EA
Clamato Chunky Pub Style Rimmer,$4.99 ,$4.99 ,"190 g, $2.63/100g",Juice,/p/21031710_EA
Fresh-Pressed Sweet Apple Cider,$7.00 ,$7.00 ,"3 l, $0.23/100ml",Juice,/p/20000005_EA
Strawberry Banana,$6.49 ,$6.49 ,"946 ml, $0.69/100ml",Juice,/p/20316397_EA
100% Pure Coconut Water,$4.69 ,$4.69 ,"1 l, $0.47/100ml",Juice,/p/20779456_EA
Berry Boost,$6.49 ,$6.49 ,"946 ml, $0.69/100ml",Juice,/p/20325816_EA
"Lemonade With Raspberry, Bottle",$3.99 ,$4.49 ,"1.54 l, $0.26/100ml",Juice,/p/21170784_EA
Tropical Mango Juice,$3.49 ,$3.49 ,"1.36 l, $0.26/100ml",Juice,20648778003_EA
Strawberry Banana Juice,$2.29 ,$2.29 ,"960 ml, $0.24/100ml",Juice,20336722011_EA
Lemonade,$1.99 ,$1.99 ,"355 ml, $0.56/100ml",Juice,/p/20094308_EA
Mango Raspberry Lemonade,$4.49 ,$4.49 ,"1.54 l, $0.29/100ml",Juice,/p/21430694_EA
Pink Grapefruit,$3.49 ,$3.49 ,"1.36 l, $0.26/100ml",Juice,/p/21165284_EA
"100% Juice, Variety Pack",$15.49 ,$15.49 ,"40x200.0 ml, $0.19/100ml",Juice,20175767001_EA
100% Pineapple Juice,$2.49 ,$2.49 ,"1 l, $0.25/100ml",Juice,/p/21080958_EA
Medium Roast Iced Coffee,$8.49 ,$8.49 ,"1.42 l, $0.60/100ml",Juice,/p/21215530_EA
Calamansi Lemonade,$4.49 ,$4.49 ,"1.54 l, $0.29/100ml",Juice,/p/21506771_EA
Watermelon Apple Fruit Juice,$2.29 ,$2.29 ,"960 ml, $0.24/100ml",Juice,/p/20943966_EA
"V-Go Vegetable Cocktail, Low Sodium",$4.49 ,$4.49 ,"1.89 l, $0.24/100ml",Juice,20077351003_EA
Beverage ,$5.99 ,$5.99 ,"800 ml, $0.75/100ml",Juice,/p/21027924_EA
"Low Acid Nutri Bone Support 100% Orange Juice, Carton",$3.99 ,$4.29 ,"1.75 l, $0.23/100ml",Juice,20345605002_EA
Vanilla,$2.99 ,$3.49 ,"355 ml, $0.84/100ml",Juice,/p/20037182_EA
Rio Red Grapefruit Juice,$2.49 ,$2.49 ,"900 ml, $0.28/100ml",Juice,/p/21520029_EA
Real Fruit Beverage Guava Strawberry,$3.99 ,$3.99 ,"1.75 l, $0.23/100ml",Juice,/p/21128527_EA
Cranberry Raspberry Cocktail,$6.49 ,$6.49 ,"3 l, $0.22/100ml",Juice,20574433003_EA
"100% Juice Blend, White Cranberry",$4.99 ,$4.99 ,"1.77 l, $0.28/100ml",Juice,/p/20981836_EA
Grape Drink,$2.49 ,$2.49 ,"2 l, $0.12/100ml",Juice,/p/20302606_EA
Smooth,$3.79 ,$3.79 ,"1.89 l, $0.20/100ml",Juice,/p/21102505_EA
Pure Orange Juice Boxes,$2.69 ,$2.69 ,"5x200.0 ml, $0.27/100ml",Juice,20310907013_EA
V-GO Vegetable Cocktail,$3.99 ,$3.99 ,"6x156.0 ml, $0.43/100ml",Juice,20297564003_EA
Apple Orange Peach Juice Boxes,$2.69 ,$2.69 ,"5x200.0 ml, $0.27/100ml",Juice,20310907002_EA
100%  Juice ,$15.99 ,$15.99 ,"40x200.0 ml, $0.20/100ml",Juice,0502356001_C40
Hydrafruit Peach Beverage,$2.29 ,$2.29 ,"960 ml, $0.24/100ml",Juice,/p/21518462_EA
Unsweetened Pineapple Juice,$3.29 ,$3.29 ,"1.36 l, $0.24/100ml",Juice,/p/20105565_EA
Mango and Pomegranate Real Fruit Beverage,$3.99 ,$3.99 ,"1.75 l, $0.23/100ml",Juice,/p/21128529_EA
Cranberry Diet Beverage,$3.99 ,$3.99 ,"1.89 l, $0.21/100ml",Juice,/p/21518025_EA
"Fruit Punch Juice Beverage, Carton",$2.49 ,$2.49 ,"1.75 l, $0.14/100ml",Juice,/p/21013881_EA
"Iced Coffee, Mocha Flavoured, With Real Milk And Cream, 5 Servings",$6.99 ,$6.99 ,"1.89 l, $0.37/100ml",Juice,/p/21365077_EA
Guava-Mango Fruit Juice Cocktail Blend,$6.79 ,$6.79 ,"2.5 l, $0.27/100ml",Juice,/p/21437381_EA
"100% Juice Blends 100% Juice, Cranberry and Raspberry",$4.99 ,$4.99 ,"1.77 l, $0.28/100ml",Juice,/p/20982379_EA
Peach Nectar,$2.29 ,$2.29 ,"960 ml, $0.24/100ml",Juice,20894117001_EA
Watermelon Beverage     ,$4.49 ,$4.49 ,"1.54 l, $0.29/100ml",Juice,/p/21354941_EA
100% Natural Raspberry Iced Tea,$2.29 ,$2.29 ,"960 ml, $0.24/100ml",Juice,/p/21220750_EA
"Brewed Iced Tea Less Sugar, Lemon",$4.49 ,$4.49 ,"1.75 l, $0.26/100ml",Juice,/p/21430753_EA
"Berry Punch Juice Beverage, 10 Pack",$3.49 ,$3.49 ,"10x200.0 ml, $0.17/100ml",Juice,20500372003_EA
Orange Juice Boxes,$4.29 ,$4.29 ,"10x200.0 ml, $0.21/100ml",Juice,/p/21347398_EA
100% Fruit Punch Juice,$4.29 ,$4.29 ,"10x200.0 ml, $0.21/100ml",Juice,/p/21061943_EA
"Mixed Berry Juice Beverage, 8 Pack",$3.49 ,$3.49 ,"8x200.0 ml, $0.22/100ml",Juice,/p/21093276_EA
100% Raspberry Orange Juice,$4.29 ,$4.29 ,"10x200.0 ml, $0.21/100ml",Juice,/p/21061904_EA
Strawberry Kiwi Juice,$2.49 ,$2.49 ,"900 ml, $0.28/100ml",Juice,20744072010_EA
Watermelon Drink,$1.99 ,$1.99 ,"1 l, $0.20/100ml",Juice,/p/21237977_EA
"Cold Brew Coffee, Black, Unsweetened, No Cream",$8.49 ,$8.49 ,"1.42 l, $0.60/100ml",Juice,/p/21203739_EA
Cranberry Cocktail,$3.49 ,$3.49 ,"1.89 l, $0.18/100ml",Juice,20307025002_EA
"V-Go Vegetable Cocktail, Original",$4.49 ,$4.49 ,"1.89 l, $0.24/100ml",Juice,20077351001_EA
Strawberry Lemonade,$4.49 ,$4.49 ,"1.54 l, $0.29/100ml",Juice,/p/21430552_EA
Green Goodness,$8.99 ,$8.99 ,"1.54 l, $0.58/100ml",Juice,/p/20069494_EA
100% Pure Coconut Water,$1.39 ,$1.39 ,"310 ml, $0.45/100ml",Juice,/p/20582962_EA
C-Boost,$6.49 ,$6.49 ,"946 ml, $0.69/100ml",Juice,/p/20311201_EA
Gourmet West Coast Dark Roast Fine Grind Coffee,$16.99 ,$16.99 ,"875 g, $1.94/100g",Coffee,/p/21393374_EA
Original Roast Ground Coffee,$9.99 ,$9.99 ,"925 g, $1.08/100g",Coffee,20312861001_EA
Rich Instant Coffee,$5.99 ,$5.99 ,"170 g, $3.52/100g",Coffee,/p/20873036_EA
The Great Canadian Light to Medium Roast Fine Grind Coffee,$16.99 ,$16.99 ,"930 g, $1.83/100g",Coffee,/p/21393573_EA
Original K-Cup Coffee Pods,$23.99 ,$23.99 ,"30 ea, $0.80/1ea",Coffee,/p/21166682_EA
Classic Roast Ground Coffee,$10.99 ,$10.99 ,"816 g, $1.35/100g",Coffee,/p/21478183_EA
Original Fine Grind Coffee,$23.99 ,$23.99 ,"930 g, $2.58/100g",Coffee,/p/20875767_EA
Original Roast Instant Coffee,$5.49 ,$5.49 ,"150 g, $3.66/100g",Coffee,/p/21026608_EA
Tasters Choice Classic Instant Coffee,$5.99 ,$7.49 ,"100 g, $5.99/100g",Coffee,20661811001_EA
Medium Roast Ground Coffee,$8.99 ,$8.99 ,"925 g, $0.97/100g",Coffee,/p/21380616_EA
Roasted Ground Coffee Qualità Rossa,$3.99 ,$3.99 ,"250 g, $1.60/100g",Coffee,/p/20315998_EA
Gourmet Medium Roast Extra Fine Grind Coffee,$16.99 ,$16.99 ,"930 g, $1.83/100g",Coffee,/p/21393574_EA
Crema & Gusto,$3.99 ,$4.99 ,"250 g, $1.60/100g",Coffee,/p/20175362_EA
Gourmet West Coast Dark Roast™ Whole Bean Coffee,$16.99 ,$16.99 ,"907 g, $1.87/100g",Coffee,/p/21393334_EA
Pure Ground Coffee Rich Dark Roast,$9.99 ,$9.99 ,"900 g, $1.11/100g",Coffee,/p/21479234_EA
Premium Medium Dark Roast Ground Coffee,$23.99 ,$23.99 ,"950 g, $2.53/100g",Coffee,/p/21238559_EA
Gourmet Medium Roast Regular Grind Coffee ,$16.99 ,$16.99 ,"930 g, $1.83/100g",Coffee,/p/21393556_EA
Dark Roast Ground Coffee,$8.99 ,$8.99 ,"925 g, $0.97/100g",Coffee,/p/21380631_EA
Nescafé Sweet and Creamy Original Instant Coffee Mix,$7.99 ,$7.99 ,"351 g, $2.28/100g",Coffee,/p/21363371_EA
Rich Decaf Instant Coffee,$5.99 ,$5.99 ,"100 g, $5.99/100g",Coffee,/p/20950415_EA
GOLD Espresso Instant Coffee,$8.49 ,$8.49 ,"100 g, $8.49/100g",Coffee,/p/21074565_EA
Traditional Fine Grind Ground Coffee,$19.99 ,$19.99 ,"930 g, $2.15/100g",Coffee,20074173002_EA
Ground 100% Arabica Coffee Pike Place Medium Roast,$9.99 ,$11.99 ,"340 g, $2.94/100g",Coffee,20548682004_EA
Gourmet Swiss Water Process Decaffeinated Medium Roast Fine Grind Coffee,$16.99 ,$16.99 ,"875 g, $1.94/100g",Coffee,/p/21393552_EA
Rich French Vanilla Instant Coffee,$5.99 ,$5.99 ,"100 g, $5.99/100g",Coffee,/p/20949839_EA
Columbian K-Cup Coffee Pods,$23.99 ,$23.99 ,"30 ea, $0.80/1ea",Coffee,/p/21166714_EA
Classic Decaf Coffee,$5.99 ,$7.49 ,"100 g, $5.99/100g",Coffee,/p/21309165_EA
Ground 100% Arabica Coffee True North Blend Blonde Roast,$9.99 ,$11.99 ,"340 g, $2.94/100g",Coffee,20548682002_EA
Rich Intense Instant Coffee,$5.99 ,$5.99 ,"160 g, $3.74/100g",Coffee,/p/21363386_EA
"Ground Coffee Pike Place Roast, Nespresso Vertuo",$11.49 ,$11.49 ,"100 g, $11.49/100g",Coffee,/p/21398289_EA
"RICH Hazelnut, Instant Coffee",$5.99 ,$5.99 ,"100 g, $5.99/100g",Coffee,/p/20949814_EA
Dark Roast K-Cup Compatible,$23.99 ,$23.99 ,"30 ea, $0.80/1ea",Coffee,/p/21166700_EA
Nescafé Sweet and Creamy French Vanilla Instant Coffee Mix,$7.99 ,$7.99 ,"351 g, $2.28/100g",Coffee,/p/21363370_EA
Gourmet West Coast Dark Roast Single Serve Coffee Pods,$16.99 ,$16.99 ,"30 ea, $0.57/1ea",Coffee,/p/21038762_EA
Medium Roast Coffee Pods Club Size,$34.99 ,$34.99 ,"100 ea, $0.35/1ea",Coffee,p/20774062_C01
Original Coffee,$9.99 ,$9.99 ,"300 g, $3.33/100g",Coffee,/p/20902294_EA
Gourmet Medium Roast Fine Grind Coffee ,$16.99 ,$16.99 ,"930 g, $1.83/100g",Coffee,/p/21393372_EA
Ground Coffee Single Origin Coffee Colombia,$11.49 ,$11.49 ,"100 g, $11.49/100g",Coffee,/p/21398301_EA
Gourmet West Coast Dark Roast Single Serve Coffee Pods,$34.99 ,$34.99 ,"72 ea, $0.49/1ea",Coffee,/p/21111235_EA
Gourmet Medium Roast Whole Bean Coffee,$16.99 ,$16.99 ,"907 g, $1.87/100g",Coffee,/p/21393277_EA
RICH Instant Coffee,$14.99 ,$14.99 ,"475 g, $3.16/100g",Coffee,/p/20145032_EA
Instant Coffee Club Size,$7.99 ,$7.99 ,"340 g, $2.35/100g",Coffee,/p/20057497_EA
"Premium Medium Dark Roast K-Cup Coffee Pods, 30 Count",$23.99 ,$23.99 ,"30 ea, $0.80/1ea",Coffee,/p/21240975_EA
Medium Roast Coffee Pods,$5.99 ,$5.99 ,"114 g, $5.25/100g",Coffee,/p/21393587_EA
Medium Roast Decaf Coffee,$8.99 ,$8.99 ,"925 g, $0.97/100g",Coffee,/p/21380594_EA
"RICH Colombian, Instant Coffee",$5.99 ,$5.99 ,"100 g, $5.99/100g",Coffee,/p/20556047_EA
"Caffè Verona Capsules, Ground Coffee For Nespresso Vurtuo",$11.49 ,$11.49 ,"100 g, $11.49/100g",Coffee,/p/21398286_EA
"Premium Medium Dark Roast K-Cup Coffee Pods, 12 Count",$11.99 ,$11.99 ,"12 ea, $1.00/1ea",Coffee,/p/21238598_EA
Nabob Café Crema Coffee Single Serve T-Discs,$9.99 ,$9.99 ,"14 ea, $9.08/100g",Coffee,/p/20306771_EA
PC® Costa Rica Single Origin Medium Roast Fine Grind Coffee,$9.49 ,$9.49 ,"340 g, $2.79/100g",Coffee,/p/21380541_EA
PC® The Great Canadian Maple Flavoured Fine Grind Coffee,$5.99 ,$5.99 ,"250 g, $2.40/100g",Coffee,/p/21478021_EA
"Colombian La Vereda K-Cup Coffee Pods, 30 Count For Keurig Coffee Makers",$17.99 ,$17.99 ,"30 ea, $0.60/1ea",Coffee,/p/21433493_EA
Gran Selezione Coffee,$9.99 ,$9.99 ,"340 g, $2.94/100g",Coffee,/p/20712964_EA
"Coffee Creamer, Hazelnut Portion Cups, 24 Pack",$5.29 ,$5.29 ,"13 g, $40.69/100g",Coffee,/p/21400509_EA
Dark Roast Coffee Pods Club Size,$34.99 ,$34.99 ,"1 ea, $0.35/1ea",Coffee,p/21030532_C01
"Instant Coffee, Light",$8.99 ,$8.99 ,"100 g, $8.99/100g",Coffee,/p/21167590_EA
Cafe Barista Medium Roasted Coffee 100% Compostable Pods,$21.99 ,$21.99 ,"300 g, $7.33/100g",Coffee,/p/21537243_EA
"Single Serve K-Cup Compatible Capsules, 100% Ethiopian, Medium Roast",$17.99 ,$17.99 ,"24 ea, $0.75/1ea",Coffee,/p/21184656_EA
"Single Serve Coffee Pods, Decaf",$10.99 ,$10.99 ,"126 g, $8.72/100g",Coffee,/p/20902454_EA
Rich Aroma Instant Coffee,$9.49 ,$10.49 ,"100 g, $9.49/100g",Coffee,/p/21305623_EA
Colombian Coffee,$9.99 ,$9.99 ,"300 g, $3.33/100g",Coffee,/p/21013366_EA
"Coffee, Intensely Dark K-Cup Pods 30 Count",$19.99 ,$19.99 ,"30 ea, $6.35/100g",Coffee,/p/21027311_EA
Keurig K-Cup Classico,$22.99 ,$22.99 ,"30 ea, $0.77/1ea",Coffee,/p/21170182_EA
"Instant Coffee, Medium",$8.99 ,$8.99 ,"100 g, $8.99/100g",Coffee,/p/21167584_EA
Decaffeinated Coffee 100% Compostable K Cup Coffee Pods,$13.99 ,$17.99 ,"292 g, $4.79/100g",Coffee,/p/21308110_EA
PC® Cinnamon Swirl Naturally Flavoured Single Serve Coffee Pods,$7.99 ,$7.99 ,"136 g, $5.88/100g",Coffee,/p/21477999_EA
100% Arabica Flavoured Coffee French Vanilla Medium Roast,$13.99 ,$13.99 ,"12 ea, $1.17/1ea",Coffee,/p/21550166_EA
"Espresso Roast K-Cup Coffee Pods, 30 Count",$23.99 ,$23.99 ,"30 ea, $0.80/1ea",Coffee,/p/21363982_EA
"Premium Medium Dark Roast Decaf K-Cup Coffee Pods, 12 Count",$11.99 ,$11.99 ,"12 ea, $1.00/1ea",Coffee,/p/21238607_EA
PC® Espresso Perfetto Single Serve Coffee Capsules,$6.99 ,$6.99 ,"10 ea, $69.90/100ea",Coffee,/p/21213293_EA
Pike Place Roast,$22.99 ,$22.99 ,"794 g, $2.90/100g",Coffee,/p/21169344_EA
PC® Costa Rica Single Origin Medium Roast Whole Bean Coffee,$9.49 ,$9.49 ,"340 g, $2.79/100g",Coffee,/p/21493248_EA
Gold Iced Cappuccino Original 7 Sachets,$6.49 ,$6.49 ,"108.5 g, $5.98/100g",Coffee,/p/21433554_EA
French Roast Dark Roast Ground Coffee K-Cup Pods,$23.99 ,$23.99 ,"24 ea, $1.00/1ea",Coffee,/p/21122968_EA
Roasted Coffee Beans Qualità Rossa,$22.99 ,$22.99 ,"1 kg, $2.30/100g",Coffee,/p/20042272_EA
Whole Bean 100% Arabica Coffee Espresso Roast Dark Roast,$25.49 ,$25.49 ,"907 g, $2.81/100g",Coffee,/p/21397686_EA
Cafe Barista Medium Roasted Ground Coffee,$21.99 ,$21.99 ,"900 g, $2.44/100g",Coffee,/p/21537244_EA
"K-Cup Coffee Pods, Light Roast - Belgian Chocolate ",$10.99 ,$10.99 ,"12 ea, $0.92/1ea",Coffee,/p/21432869_EA
By Nespresso Pike Place Roast Coffee Pods,$9.99 ,$9.99 ,"53 g, $18.85/100g",Coffee,/p/21241271_EA
Hot Chocolate Mix Pods,$7.99 ,$7.99 ,"12 ea, $0.67/1ea",Coffee,/p/20804942_EA
Vanilla Latte Flavoured Coffee Mix,$6.49 ,$6.49 ,"148 g, $4.39/100g",Coffee,/p/20101905_EA
"Single Serve K-Cup Compatible Capsules, Lively Up, Dark Roast, 24 Count",$17.99 ,$17.99 ,"24 ea, $0.75/1ea",Coffee,/p/21184669_EA
Crema E Gusto Ground Coffee Risveglio Classico Medium Roast,$7.99 ,$7.99 ,"55 g, $14.53/100g",Coffee,/p/21520355_EA
Dark Bold Roast Full City Dark Ground Coffee,$8.99 ,$8.99 ,"340 g, $2.64/100g",Coffee,/p/21527310_EA
Cafe Barista Dark Roasted Coffee 100% Compostable Pods,$21.99 ,$21.99 ,"300 g, $7.33/100g",Coffee,/p/21537242_EA
"Regular Coffee, K-Cup",$17.99 ,$17.99 ,"30 ea, $0.60/1ea",Coffee,/p/20899892_EA
Sweet & Creamy Iced Original Instant Coffee Mix ,$7.99 ,$7.99 ,"256 g, $3.12/100g",Coffee,/p/21431370_EA
Perfetto Espresso Roast    ,$9.99 ,$9.99 ,"340 g, $2.94/100g",Coffee,/p/20712965_EA
K Cup Red Rose Orange Pekoe,$9.99 ,$9.99 ,"12 ea, $0.83/1ea",Coffee,/p/20822254_EA
PC® Sumatra Single Origin Dark Roast Single Serve Coffee Pods,$16.99 ,$16.99 ,"339 g, $5.01/100g",Coffee,/p/21493998_EA
Hazelnut Coffee,$9.99 ,$9.99 ,"300 g, $3.33/100g",Coffee,/p/21013369_EA
Original Roast Coffee 100% Compostable K Cup Coffee Pods,$13.99 ,$17.99 ,"285 g, $4.91/100g",Coffee,/p/21308076_EA
"Coffee, Gold Dark Roast, Roast & Ground  Capsules",$20.99 ,$20.99 ,"270 g, $7.77/100g",Coffee,/p/21363379_EA
Variety Pack K-Cup Coffee Pods,$23.99 ,$23.99 ,"30 ea, $0.80/1ea",Coffee,/p/21239018_EA
"Premium Roast Whole Coffee Beans, Medium Dark Roast",$12.99 ,$12.99 ,"300 g, $4.33/100g",Coffee,/p/21432865_EA
Nabob Espresso Single Serve T-Discs,$9.99 ,$9.99 ,"14 ea, $0.71/1ea",Coffee,/p/20552968_EA
Cafe Barista Dark Roasted Coffee 100% Compostable Pods,$21.99 ,$21.99 ,"300 g, $7.33/100g",Coffee,/p/21537242_EA
"Regular Coffee, K-Cup",$17.99 ,$17.99 ,"30 ea, $0.60/1ea",Coffee,/p/20899892_EA
Coarse Ground Coffee,$9.99 ,$9.99 ,"300 g, $3.33/100g",Coffee,/p/20963213_EA
Variety Pack K-Cup Coffee Pods,$23.99 ,$23.99 ,"30 ea, $0.80/1ea",Coffee,/p/21239018_EA
Original Roast Coffee 100% Compostable K Cup Coffee Pods,$13.99 ,$17.99 ,"285 g, $4.91/100g",Coffee,/p/21308076_EA
Medium Roast Decaffeinated Coffee Pods,$5.99 ,$5.99 ,"114 g, $5.25/100g",Coffee,/p/21393583_EA
"Via Instant Colombia, Medium Roast Coffee, 100% Arabica Instant & Microground Coffee",$8.99 ,$8.99 ,"8 ea, $1.12/1ea",Coffee,/p/20987782_EA
"Colombian Dark K-Cup Coffee Pods, 24 Count",$18.49 ,$18.49 ,"24 ea, $0.77/1ea",Coffee,/p/21366304_EA
Vanilla Hazelnut Ground Coffee,$11.99 ,$11.99 ,"340 g, $3.53/100g",Coffee,/p/20973133_EA
"Estate Italian Espresso, Whole Bean",$19.99 ,$19.99 ,"907 g, $2.20/100g",Coffee,20665818001_EA
Vanilla Biscotti K-Cup Coffee Pods 12 Count,$8.99 ,$8.99 ,"12 ea, $0.75/1ea",Coffee,20416619003_EA
"Espresso Roast K-Cup Coffee Pods, 12 Count",$11.99 ,$11.99 ,"12 ea, $1.00/1ea",Coffee,/p/21363988_EA
"Coffee, Midnight Gold Whole Bean  Dark Roast ",$10.99 ,$10.99 ,"340 g, $3.23/100g",Coffee,/p/21194358_EA
Pike Place Roast Medium Roast Ground Coffee K-Cup Pods,$23.99 ,$23.99 ,"24 ea, $1.00/1ea",Coffee,/p/21122965_EA
House Blend Coffee,$22.99 ,$22.99 ,"793 g, $2.90/100g",Coffee,/p/21238743_EA
"Original House Blend Ground Coffee, Medium Roast",$11.99 ,$11.99 ,"340 g, $3.53/100g",Coffee,/p/20973094_EA
Premium Ground Brazilian Coffee,$6.99 ,$7.99 ,"450 g, $1.55/100g",Coffee,/p/20830271_EA
House Blend Ground Coffee,$9.99 ,$11.99 ,"340 g, $2.94/100g",Coffee,20548682003_EA
"Keurig K-Cup Pods, Caramel Vanilla, Medium Roast, 10 K-Cup Pods",$10.99 ,$10.99 ,"10 ea, $1.10/1ea",Coffee,/p/21522097_EA
"Tasters Choice Classic, Instant Coffee",$14.99 ,$14.99 ,"250 g, $6.00/100g",Coffee,/p/20660856_EA
True North Blend Blonde Roast Ground Coffee K-Cup Pods ,$9.99 ,$10.99 ,"10 ea, $1.00/1ea",Coffee,20547343003_EA
Nabob Cappuccino Coffee Single Serve T-Discs,$9.99 ,$9.99 ,"263 g, $3.80/100g",Coffee,/p/21013378_EA
Breakfast Blend Coffee 100% Compostable Pods,$13.99 ,$17.99 ,"292 g, $4.79/100g",Coffee,/p/21307964_EA
"Vanilla Hazelnut K-Cup Coffee Pods, 24 Count",$18.49 ,$18.49 ,"24 ea, $0.77/1ea",Coffee,/p/21365912_EA
Qualità Rossa Ground Coffee Medium Roast,$7.99 ,$7.99 ,"55 g, $14.53/100g",Coffee,/p/21520351_EA
"McCafé Premium Roast Coffee Single Serve T-Discs, 14 T-Discs",$9.99 ,$9.99 ,"14 ea, $0.71/1ea",Coffee,/p/20810607_EA
Gourmet Medium Roast Single Serve Coffee Pods,$16.99 ,$16.99 ,"30 ea, $0.57/1ea",Coffee,/p/21033681_EA
PC® Espresso Potente Single Serve Coffee Capsules,$6.99 ,$6.99 ,"10 ea, $69.90/100ea",Coffee,/p/21213468_EA
Ground Coffee Bold Espresso,$7.99 ,$7.99 ,"10 ea, $0.80/1ea",Coffee,/p/21499074_EA
Fine Ground Coffee High Grown Organic Dark Roast,$13.99 ,$13.99 ,"300 g, $4.66/100g",Coffee,/p/21476322_EA
"K-Cup Coffee, Hazelnut",$10.99 ,$10.99 ,"120 g, $9.16/100g",Coffee,/p/21004640_EA
Caramel Drizzle K-Cup Coffee Pods 30 Count,$19.99 ,$19.99 ,"270 g, $7.40/100g",Coffee,/p/20986330_EA
"Gold Espresso, Instant Coffee",$14.99 ,$14.99 ,"200 g, $7.50/100g",Coffee,/p/21363383_EA
"K-Cup, French Vanilla",$10.99 ,$10.99 ,"126 g, $9.16/100g",Coffee,/p/21004843_EA
Decafe K-Cup Coffee Pods,$23.99 ,$23.99 ,"30 ea, $0.80/1ea",Coffee,/p/21166707_EA
Costa Rica Single Origin Medium Roast Single Serve Coffee Pods,$7.99 ,$7.99 ,"12 ea, $0.67/1ea",Coffee,/p/20679209_EA
Dark Coffee,$34.99 ,$34.99 ,"48 ea, $0.73/1ea",Coffee,/p/21239208_EA
Crema Gusto Beans,$22.99 ,$22.99 ,"1 kg, $2.30/100g",Coffee,/p/21242057_EA
By Nespresso Espresso Roast Nespresso Coffee Capsules 10 Nespresso Coffee Pods,$9.99 ,$9.99 ,"57 g, $17.53/100g",Coffee,/p/21240796_EA
"Coffee, Amaretto K-Cup  Pods, 12 Count",$10.99 ,$10.99 ,"12 ea, $0.92/1ea",Coffee,/p/21363969_EA
Espresso Dolce Crema K-Cup Coffee Pods,$19.99 ,$19.99 ,"270 g, $7.40/100g",Coffee,/p/21169221_EA
Maxwell House Decaf Coffee Single Serve T-Discs,$9.99 ,$9.99 ,"14 ea, $0.71/1ea",Coffee,/p/20524077_EA
"Single Serve K-Cup Compatible Capsules, Medium-Dark Roast",$17.99 ,$17.99 ,"24 ea, $0.75/1ea",Coffee,/p/21184653_EA
Dark Roast Instant and Microground Coffee,$5.99 ,$5.99 ,"100 g, $5.99/100g",Coffee,/p/21501027_EA
"GOLD Mocha, Instant Coffee Sachets",$6.49 ,$6.49 ,"144 g, $4.51/100g",Coffee,20318454001_EA
Gourmet Swiss Water Process Decaffeinated Medium Roast Whole Bean Coffee,$9.49 ,$9.49 ,"340 g, $2.79/100g",Coffee,/p/21477889_EA
Ground Coffee Decaf Espresso,$7.99 ,$7.99 ,"10 ea, $0.80/1ea",Coffee,/p/21498990_EA
Medium Roast 100% Colombian Summit Ground Coffee,$8.99 ,$8.99 ,"340 g, $2.64/100g",Coffee,/p/21527334_EA
Whole Bean Guatemala Coffee,$8.99 ,$8.99 ,"300 g, $3.00/100g",Coffee,/p/21012107_EA
Ground Coffee Half-Caff Medium Roast,$10.99 ,$10.99 ,"12 ea, $0.92/1ea",Coffee,/p/21521454_EA
Mocha Swirl K-Cup Coffee Pods 12 Count,$8.99 ,$8.99 ,"12 ea, $0.75/1ea",Coffee,/p/20700440_EA
Espresso Maestro Ground Coffee Ristretto Dark Roast,$7.99 ,$7.99 ,"55 g, $14.53/100g",Coffee,/p/21520380_EA
Espresso Roast ground coffee,$9.99 ,$11.99 ,"340 g, $2.94/100g",Coffee,/p/21043279_EA
London Fog Tea Latte Flavoured Beverage Pods,$7.99 ,$7.99 ,"116 g, $6.89/100g",Coffee,/p/20973335_EA
Rainforest Espresso Coffee Ground Extra Dark K-Cup,$17.99 ,$17.99 ,"30 ea, $0.60/1ea",Coffee,/p/21433503_EA
Qualità Oro Ground Coffee Medium Roast,$7.99 ,$7.99 ,"55 g, $14.53/100g",Coffee,/p/21520344_EA
French Vanilla Coffee,$9.99 ,$9.99 ,"300 g, $3.33/100g",Coffee,/p/21008933_EA
Verona Dark Roast Ground Coffee K-Cup Pods,$9.99 ,$10.99 ,"10 ea, $1.00/1ea",Coffee,20610425002_EA
Van Houtte Original House Blend Medium Roast,$10.99 ,$10.99 ,"12 ea, $0.92/1ea",Coffee,20293336001_EA
PC® Creamy Caramel Naturally Flavoured Single Serve Coffee Pods,$7.99 ,$7.99 ,"136 g, $5.88/100g",Coffee,/p/21478002_EA
Maxwell House Morning Blend Coffee Single Serve T-Discs,$9.99 ,$9.99 ,"14 ea, $0.71/1ea",Coffee,/p/20721018_EA
Premium Medium Dark Roast Ground Coffee,$12.99 ,$12.99 ,"340 g, $3.82/100g",Coffee,/p/21238495_EA
Espresso Perfetto Espresso Grind Coffee,$5.49 ,$5.49 ,"250 g, $2.20/100g",Coffee,/p/21414074_EA
Medium Roast Instant and Microground Coffee,$5.99 ,$5.99 ,"100 g, $5.99/100g",Coffee,/p/21500188_EA
Decaffeinated Ground Coffee Classic Decaf,$10.99 ,$10.99 ,"544 g, $2.02/100g",Coffee,/p/21478187_EA
"Coffee, Signature Collection Cinnamon Dolce Flavoured Ground  K-Cup Pods",$11.49 ,$11.49 ,"10 ea, $1.15/1ea",Coffee,/p/21211057_EA
Caramel Flavoured Ground Coffee Bag,$12.49 ,$12.49 ,"311 g, $4.02/100g",Coffee,20756997001_EA
Medium Roast Breakfast Blend Ground Coffee,$8.99 ,$8.99 ,"340 g, $2.64/100g",Coffee,/p/21527319_EA
Lively Colombian K-Cup Coffee Pods 30 Count,$19.99 ,$19.99 ,"30 ea, $0.67/1ea",Coffee,/p/20811386_EA
Sumatra Single-Origin Dark Roast Ground Coffee K-Cup Pods Box,$23.99 ,$23.99 ,"24 ea, $1.00/1ea",Coffee,/p/21122992_EA
Hazelnut Cream K-Cup Coffee Pods 12 Count,$8.99 ,$8.99 ,"12 ea, $0.75/1ea",Coffee,/p/20788385_EA
Ground Coffee Intensely Dark,$10.99 ,$10.99 ,"641 g, $1.71/100g",Coffee,/p/21478258_EA
Decaf,$23.99 ,$23.99 ,"640 g, $3.75/100g",Coffee,/p/21169471_EA
Veranda Blend for Nespresso Vertuo K-Cup Coffee Pods,$11.49 ,$11.49 ,"100 g, $11.49/100g",Coffee,/p/21520565_EA
Whole Bean 100% Arabica Coffee Pike Place Roast Medium Roast,$25.49 ,$25.49 ,"907 g, $2.81/100g",Coffee,/p/21397648_EA
Double Double K-Cup Coffee Pods 10,$12.49 ,$12.49 ,"10 ea, $1.25/1ea",Coffee,/p/21435697_EA
Medium Bold Roast Gastown Grind Ground Coffee,$8.99 ,$8.99 ,"340 g, $2.64/100g",Coffee,/p/21527312_EA
Rich Original Coffee Capsules,$20.99 ,$20.99 ,"477 g, $4.40/100g",Coffee,/p/21168528_EA
Whole Bean 100% Arabica Coffee Caffè Verona Dark Roast,$25.49 ,$25.49 ,"907 g, $2,810.36/100g",Coffee,/p/21397678_EA
Traditional Premium Roast Ground Coffee,$21.99 ,$21.99 ,"930 g, $2.36/100g",Coffee,/p/20379115_EA
Tassimo  Dark Italian Roast Coffee Single Serve T-Discs,$9.99 ,$9.99 ,"12 ea, $0.83/1ea",Coffee,20416940003_EA
Classic Roast K-Cup Coffee Pods 12 Count,$8.99 ,$8.99 ,"12 ea, $0.75/1ea",Coffee,20416619005_EA
"Colombian Medium K-Cup Coffee Pods, 24 Count",$18.49 ,$18.49 ,"228 g, $8.11/100g",Coffee,/p/21366298_EA
Coffee,$10.99 ,$10.99 ,"14 ea, $0.79/1ea",Coffee,/p/20800426_EA
Vanilla Biscotti K-Cup Coffee Pods 30 Count,$19.99 ,$19.99 ,"30 ea, $0.67/1ea",Coffee,/p/20926853_EA
"Coffee, Gold Espresso Intenso, Roast & Ground  Capsules",$20.99 ,$20.99 ,"300 g, $7.00/100g",Coffee,/p/21363384_EA
Cafe Barista Dark Roasted Ground Coffee,$21.99 ,$21.99 ,"875 g, $2.51/100g",Coffee,/p/21537245_EA
Original Roast Coffee 100% Compostable K Cup Coffee Pods,$9.99 ,$9.99 ,"114 g, $8.76/100g",Coffee,/p/20975424_EA
PC® Colombian Supremo Single Origin Medium Roast Fine Grind Coffee,$9.49 ,$9.49 ,"340 g, $2.79/100g",Coffee,/p/21380579_EA
Caffe Verona,$22.99 ,$22.99 ,"794 g, $2.90/100g",Coffee,/p/21168714_EA
Gourmet West Coast Dark Roast Single Serve Coffee Pods,$7.99 ,$7.99 ,"12 ea, $0.67/1ea",Coffee,/p/20585365_EA
"Original House Blend Decaf K-Cup Coffee Pods, 24 Count",$18.49 ,$18.49 ,"24 ea, $0.77/1ea",Coffee,/p/21365927_EA
Morning Café Ground Coffee Light Roast,$19.99 ,$19.99 ,"210 g, $9.52/100g",Coffee,/p/21478263_EA
"Estate Hazelnut Crème, Whole Bean",$19.99 ,$19.99 ,"907 g, $2.20/100g",Coffee,20665818002_EA
Ground Coffee Pioneer Blend Medium Roast Coffee,$10.99 ,$10.99 ,"340 g, $3.23/100g",Coffee,/p/21196935_EA
Carte Noire Americano Coffee Single Serve T-Discs,$9.99 ,$9.99 ,"14 ea, $0.71/1ea",Coffee,/p/20673134_EA
Rich Original Coffee Capsules,$20.99 ,$20.99 ,"477 g, $4.40/100g",Coffee,/p/21168528_EA
Whole Bean 100% Arabica Coffee Caffè Verona Dark Roast,$25.49 ,$25.49 ,"907 g, $2,810.36/100g",Coffee,/p/21397678_EA
Gourmet West Coast Dark Roast Single Serve Coffee Pods,$7.99 ,$7.99 ,"12 ea, $0.67/1ea",Coffee,/p/20585365_EA
Traditional Premium Roast Ground Coffee,$21.99 ,$21.99 ,"930 g, $2.36/100g",Coffee,/p/20379115_EA
Dark Roast Coffee,$9.99 ,$9.99 ,"300 g, $3.33/100g",Coffee,/p/20902305_EA
Espresso Instant Coffee ,$5.99 ,$5.99 ,"100 g, $5.99/100g",Coffee,/p/21499826_EA
"Belgian Chocolate Light, Ground Coffee",$11.99 ,$11.99 ,"340 g, $3.53/100g",Coffee,/p/20972495_EA
Whole Bean Bag,$23.99 ,$23.99 ,"907 g, $2.64/100g",Coffee,/p/21204142_EA
Colombian Keurig,$34.99 ,$34.99 ,"48 ea, $0.73/1ea",Coffee,/p/21305110_EA
Decaf Premium Roast    ,$12.99 ,$12.99 ,"340 g, $3.82/100g",Coffee,/p/21238498_EA
Dark Roast Coffee Pods,$5.99 ,$5.99 ,"114 g, $5.25/100g",Coffee,/p/21393594_EA
French Vanilla Naturally Flavoured Fine Grind Coffee,$5.99 ,$5.99 ,"250 g, $2.40/100g",Coffee,/p/21478010_EA
Gran Aroma Coffee,$9.99 ,$9.99 ,"340 g, $2.94/100g",Coffee,/p/20712961_EA
Full City Dark Coffee 100% Compostable Pods,$13.99 ,$17.99 ,"292 g, $4.79/100g",Coffee,/p/21308056_EA
"Coffee, Ground  Light Breakfast Blend",$17.99 ,$17.99 ,"30 ea, $0.60/1ea",Coffee,/p/21433555_EA
"Coffee, Keurig Hot Medium Roast  K-Cup Pods 10 X 11.9 G",$13.49 ,$13.49 ,"10 ea, $1.35/1ea",Coffee,/p/21023231_EA
House Blend Coffee 100% Compostable K Cup Coffee Pods,$13.99 ,$17.99 ,"292 g, $4.79/100g",Coffee,/p/21308107_EA
Decaffeinated Hazelnut Vanilla Naturally Flavoured Fine Grind Coffee,$5.99 ,$5.99 ,"250 g, $2.40/100g",Coffee,/p/21478006_EA
French Roast Dark Roast Ground Coffee ,$9.99 ,$11.99 ,"340 g, $2.94/100g",Coffee,20548682006_EA
Medium Roast Classico,$9.99 ,$9.99 ,"340 g, $2.94/100g",Coffee,/p/20712783_EA
PC® Ethiopia Single Origin Medium Roast Single Serve Coffee Pods,$16.99 ,$16.99 ,"330 g, $5.15/100g",Coffee,/p/21493993_EA
Pike Place Medium Roast Keurig K-Cup Coffee Pods,$33.99 ,$33.99 ,"550 g, $6.18/100g",Coffee,/p/21307806_EA
Medium Roast 1896 Tradition Ground Coffee,$8.99 ,$8.99 ,"340 g, $2.64/100g",Coffee,/p/21527332_EA
"Premium Medium Dark Roast Decaf K-Cup Coffee Pods, 30 Count",$23.99 ,$23.99 ,"30 ea, $0.80/1ea",Coffee,/p/21363985_EA
Ground Coffee French Roast,$22.99 ,$22.99 ,"793 g, $2.90/100g",Coffee,/p/21238748_EA
"Blonde Roast Coffee, 100% Arabica Instant & Microground ",$8.99 ,$8.99 ,"8 ea, $1.12/1ea",Coffee,/p/20987781_EA
Doughnuts Value Pack Light Roast Coffee 30 K-Cup Pods,$17.99 ,$17.99 ,"30 ea, $0.60/1ea",Coffee,/p/21007380_EA
"French Vanilla, Cappuccino",$8.99 ,$8.99 ,"454 g, $1.98/100g",Coffee,/p/20149985_EA
The Great Canadian Light to Medium Roast Single Serve Coffee Pods,$16.99 ,$16.99 ,"30 ea, $0.57/1ea",Coffee,/p/21038677_EA
Via Instant Pike Place,$8.99 ,$8.99 ,"8 ea, $1.12/1ea",Coffee,/p/20943594_EA
Gold Espresso Decaf Instant Coffee,$8.49 ,$8.49 ,"90 g, $9.43/100g",Coffee,/p/21308118_EA
Verona Dark Roast Whole Bean Coffee Bag,$12.49 ,$12.49 ,"340 g, $3.67/100g",Coffee,20610482001_EA
Pike Place Roast Medium Roast Ground Coffee K-Cup Pods,$9.99 ,$10.99 ,"10 ea, $1.00/1ea",Coffee,20547343001_EA
Kcup House Blend Coffee,$29.99 ,$29.99 ,"48 ea, $0.62/1ea",Coffee,/p/21338813_EA
The Great Canadian Light to Medium Roast Whole Bean Coffee ,$16.99 ,$16.99 ,"907 g, $1.87/100g",Coffee,/p/21393614_EA
"Via Instant Italian Roast, Dark Roast Coffee, 100% Arabica Instant & Microground Coffee",$8.99 ,$8.99 ,"8 ea, $1.12/1ea",Coffee,/p/20987784_EA
"Rich Instant Coffee, Caramel",$9.99 ,$9.99 ,"100 g, $9.99/100g",Coffee,/p/21540390_EA
Whole Bean Arabica Coffee,$16.99 ,$16.99 ,"907 g, $1.87/100g",Coffee,/p/20081005_EA
Maxwell House House Blend Coffee Single Serve T-Discs,$9.99 ,$9.99 ,"16 ea, $0.62/1ea",Coffee,20026954001_EA
Lively Colombian K-Cup Coffee Pods 12 Count,$8.99 ,$8.99 ,"12 ea, $0.75/1ea",Coffee,20416619001_EA
Classico Ground Coffee Classic Roast,$13.99 ,$13.99 ,"250 g, $5.60/100g",Coffee,/p/21507700_EA
Ground Coffee Classic Lungo,$7.99 ,$7.99 ,"10 ea, $0.80/1ea",Coffee,/p/21499820_EA
Gold Dark Roast Instant and Roast & Ground Coffee,$8.49 ,$8.49 ,"100 g, $8.49/100g",Coffee,/p/21074552_EA
"Estate 100% Colombian, Whole Bean",$19.99 ,$19.99 ,"907 g, $2.20/100g",Coffee,20665818003_EA
By Nespresso Blonde Espresso Roast Coffee Capsules 10 Nespresso Coffee Pods,$9.99 ,$9.99 ,"53 g, $18.85/100g",Coffee,/p/21240795_EA
"Premium Medium Dark Roast K-Cup Coffee Pods, 48 Count",$32.99 ,$32.99 ,"48 ea, $0.69/1ea",Coffee,/p/21238592_EA
Single-Origin Colombia K-Cup Coffee Pods,$23.99 ,$23.99 ,"300 g, $8.00/100g",Coffee,/p/21520479_EA
Gourmet West Coast Dark Roast Swiss Water Process Decaffeinated Whole Bean Coffee,$6.99 ,$6.99 ,"340 g, $2.06/100g",Coffee,/p/21493241_EA
Dark Roast Coffee Pods,$5.99 ,$5.99 ,"114 g, $5.25/100g",Coffee,/p/21393594_EA
PC® Ethiopia Single Origin Medium Roast Single Serve Coffee Pods,$16.99 ,$16.99 ,"330 g, $5.15/100g",Coffee,/p/21493993_EA
Pike Place Medium Roast Keurig K-Cup Coffee Pods,$33.99 ,$33.99 ,"550 g, $6.18/100g",Coffee,/p/21307806_EA
Medium Roast 1896 Tradition Ground Coffee,$8.99 ,$8.99 ,"340 g, $2.64/100g",Coffee,/p/21527332_EA
French Vanilla Naturally Flavoured Fine Grind Coffee,$5.99 ,$5.99 ,"250 g, $2.40/100g",Coffee,/p/21478010_EA
Espresso Maestro Ground Coffee Lungo Light Roast,$7.99 ,$7.99 ,"55 g, $14.53/100g",Coffee,/p/21520397_EA
Espresso Forte Espresso Grind Coffee,$5.49 ,$5.49 ,"250 g, $2.20/100g",Coffee,/p/21410147_EA
Brown Coffee Instant Coffee Mix,$7.49 ,$7.99 ,"825 g, $0.91/100g",Coffee,/p/21238713_EA
Creamy Caramel Naturally Flavoured Fine Grind Coffee,$5.99 ,$5.99 ,"250 g, $2.40/100g",Coffee,/p/21478100_EA
"Premium Organic Roast Whole Coffee Beans, Dark Roast",$13.99 ,$13.99 ,"300 g, $4.66/100g",Coffee,/p/21476307_EA
Dark Roast Coffee 100% Compostable K Cup Coffee Pods,$13.99 ,$17.99 ,"292 g, $4.79/100g",Coffee,/p/21308108_EA
PC® Cinnamon Swirl Naturally Flavoured Fine Grind Coffee ,$5.99 ,$5.99 ,"250 g, $2.40/100g",Coffee,/p/21478069_EA
Nabob French Vanilla Coffee Single Serve T-Discs,$9.99 ,$9.99 ,"14 ea, $0.71/1ea",Coffee,/p/20416811_EA
"Coffee, Whole Bean  Pioneer Blend Medium Roast ",$10.99 ,$10.99 ,"340 g, $3.23/100g",Coffee,/p/21194217_EA
"High Grown Organic K-Cup Coffee Pods, Dark Roast, 10 Count, Ethically Sourced, Certified Organic, For Keurig Coffee Makers",$13.99 ,$13.99 ,"10 ea, $1.40/1ea",Coffee,/p/21476306_EA
Nabob 100% Colombian Coffee Single Serve T-Discs,$9.99 ,$9.99 ,"14 ea, $9.08/100g",Coffee,/p/20317830_EA
Decaf Ground Coffee,$9.99 ,$9.99 ,"631 g, $1.58/100g",Coffee,/p/20722248_EA
"K-Cup Coffee Pods, Espresso Roast",$32.99 ,$32.99 ,"48 ea, $0.69/1ea",Coffee,/p/21432866_EA
Origins Colombia Coffee,$8.49 ,$8.49 ,"95 g, $8.94/100g",Coffee,/p/21237266_EA
Black Silk Ground Coffee Dark,$10.99 ,$10.99 ,"641 g, $1.71/100g",Coffee,/p/21478257_EA
Cappuccino Beverage Mix French Vanilla,$12.99 ,$12.99 ,"10 ea, $1.30/1ea",Coffee,/p/21169429_EA
Dark Roast Coffee 100% Compostable K Cup Coffee Pods,$9.99 ,$9.99 ,"117 g, $8.54/100g",Coffee,/p/20975425_EA
Organic Gourmet Blend Ground Coffee,$19.99 ,$19.99 ,"915 g, $2.18/100g",Coffee,20074173001_EA
Qualità Rossa Whole Bean Coffee,$11.99 ,$11.99 ,"340 g, $3.53/100g",Coffee,/p/21520472_EA
The Great Canadian Light to Medium Roast TASSIMO T DISCs,$9.99 ,$9.99 ,"14 ea, $0.71/1ea",Coffee,/p/20559892_EA
Ground Coffee Colombian Medium Roast,$29.99 ,$29.99 ,"48 ea, $0.62/1ea",Coffee,/p/21339116_EA
Black Silk K-Cup Coffee Pods 30 Count,$19.99 ,$19.99 ,"30 ea, $8.33/100g",Coffee,/p/21080657_EA
PC® Sumatra Single Origin Dark Roast Fine Grind Coffee,$9.49 ,$9.49 ,"340 g, $2.79/100g",Coffee,/p/21380482_EA
Keurig Hot Dark Roast Coffee K-Cup Pods,$13.49 ,$13.49 ,"10 ea, $1.35/1ea",Coffee,/p/21022973_EA
House Blend Coffee 100% Compostable K Cup Coffee Pods,$9.99 ,$9.99 ,"117 g, $8.54/100g",Coffee,/p/20975335_EA
Morning Blend Coffee 100% Compostable K Cup Coffee Pods,$13.99 ,$17.99 ,"285 g, $4.91/100g",Coffee,/p/21365891_EA
"Coffee, Gold Espresso Original, Roast & Ground  Capsules",$20.99 ,$20.99 ,"300 g, $7.00/100g",Coffee,/p/21363381_EA
French Roast Dark Roast Ground Coffee K-Cup Pods,$9.99 ,$10.99 ,"10 ea, $1.00/1ea",Coffee,20547343005_EA
Nespresso Single Origin Colombia  ,$9.99 ,$9.99 ,"57 g, $17.53/100g",Coffee,/p/21363366_EA
PC® Sumatra Single Origin Dark Roast Whole Bean Coffee,$9.49 ,$9.49 ,"340 g, $2.79/100g",Coffee,/p/21493246_EA
"Coffee Creamer, French Vanilla Portion Cups",$5.29 ,$5.29 ,"13 g, $40.69/100g",Coffee,/p/21400518_EA
"K-cup Pods, French Vanilla Cappuccino",$23.99 ,$23.99 ,"24 ea, $1.00/1ea",Coffee,/p/21435712_EA
PC® Espresso Forte Whole Bean Coffee,$16.99 ,$16.99 ,"907 g, $1.87/100g",Coffee,/p/21393271_EA
Instant Dark Coffee,$8.99 ,$8.99 ,"100 g, $8.99/100g",Coffee,/p/21239193_EA
Ground Coffee Flavoured Dulce De Leche Light Roast,$10.99 ,$10.99 ,"12 ea, $0.92/1ea",Coffee,/p/21432868_EA
PC® Winter Blend Dark Roast Fine Grind Coffee,$4.99 ,$4.99 ,"250 g, $2.00/100g",Coffee,/p/21471877_EA
"Original House Blend, Medium Roast",$20.99 ,$20.99 ,"908 g, $2.31/100g",Coffee,20379720003_EA
Colombian Supremo Single Origin Medium Roast Single Serve Coffee Pods,$16.99 ,$16.99 ,"30 ea, $0.57/1ea",Coffee,/p/21033705_EA
Ground Coffee Blonde Espresso Roast for Nespresso ,$11.49 ,$11.49 ,"68 g, $16.90/100g",Coffee,/p/21476733_EA
"Colombian Ground Coffee, Medium Noir",$20.99 ,$20.99 ,"908 g, $2.31/100g",Coffee,20379720001_EA
PC® Ethiopia Single Origin Medium Roast Fine Grind Coffee,$9.49 ,$9.49 ,"340 g, $2.79/100g",Coffee,/p/21380492_EA
"Keurig K-Cup Pods, Classic Black Medium Roast Coffee, 10 Pieces",$10.99 ,$10.99 ,"10 ea, $1.10/1ea",Coffee,/p/21522088_EA
Light Roast Instant Coffee,$5.99 ,$5.99 ,"100 g, $5.99/100g",Coffee,/p/21501032_EA
Caramel Drizzle K-Cup Coffee Pods 12 Count,$8.99 ,$8.99 ,"12 ea, $0.75/1ea",Coffee,/p/20565705_EA
100% Colombian Coffee 100% Compostable Pods,$13.99 ,$17.99 ,"292 g, $4.79/100g",Coffee,/p/21308045_EA
PC® Colombian Supremo Medium Roast Whole Bean Coffee,$16.99 ,$16.99 ,"907 g, $1.87/100g",Coffee,/p/21393276_EA
Type Espresso 57 Intense Instant Coffee,$9.49 ,$10.49 ,"100 g, $9.49/100g",Coffee,/p/21305519_EA
PC® Espresso Whole Bean Coffee,$16.99 ,$16.99 ,"907 g, $1.87/100g",Coffee,/p/21393611_EA
PC® Espresso Perfetto Whole Bean Coffee,$16.99 ,$16.99 ,"907 g, $1.87/100g",Coffee,/p/21393268_EA
White Coffee 3 in 1,$2.99 ,$3.49 ,"300 g, $1.00/100g",Coffee,/p/21094512_EA
Van Houtte French Vanilla Light Roast,$10.99 ,$10.99 ,"12 ea, $0.92/1ea",Coffee,20293336004_EA
Original Coffee,$34.99 ,$34.99 ,"48 ea, $0.73/1ea",Coffee,/p/21240799_EA
"Original House Blend K-Cup Coffee Pods, 24 Count",$18.49 ,$18.49 ,"228 g, $8.11/100g",Coffee,/p/21365907_EA
"Coffee, Columbian Dark Roast Ground ",$11.99 ,$11.99 ,"340 g, $3.53/100g",Coffee,/p/20973067_EA
True North Blend Blonde Roast Ground Coffee K-Cup Pods,$23.99 ,$23.99 ,"24 ea, $1.00/1ea",Coffee,/p/21013199_EA
Sumatra Single Origin Dark Roast Single Serve Coffee Pods,$7.99 ,$7.99 ,"12 ea, $0.67/1ea",Coffee,/p/20678130_EA
Verona Dark Roast Ground Coffee K-Cup Pods,$23.99 ,$23.99 ,"24 ea, $1.00/1ea",Coffee,/p/21122987_EA
The Great Canadian Light to Medium Roast Single Serve Coffee Pods,$34.99 ,$34.99 ,"72 ea, $0.49/1ea",Coffee,/p/21111217_EA
Colombian Coffee 100% Compostable K Cup Coffee Pods,$13.99 ,$17.99 ,"292 g, $4.79/100g",Coffee,/p/21365871_EA
Illy Blend Ground Coffee Intenso Bold Roast,$13.99 ,$13.99 ,"250 g, $5.60/100g",Coffee,/p/21524116_EA
Nabob Breakfast Blend Coffee Single Serve T-Discs,$9.99 ,$9.99 ,"14 ea, $8.12/100g",Coffee,/p/20321621_EA
"True North Blend Blonde Roast Ground Coffee K-Cup Pods Box, 44 Capsules",$33.99 ,$33.99 ,"550 g, $6.18/100g",Coffee,/p/21431366_EA
Gourmet Medium Roast Coffee TASSIMO T DISCs,$9.99 ,$9.99 ,"14 ea, $0.71/1ea",Coffee,/p/20559881_EA
Gourmet Medium Roast Single Serve Coffee Pods,$7.99 ,$7.99 ,"12 ea, $0.67/1ea",Coffee,/p/20585472_EA
Gourmet West Coast Dark Roast™ Coffee TASSIMO T DISCs,$9.99 ,$9.99 ,"14 ea, $0.71/1ea",Coffee,/p/20559471_EA
PC® Espresso Forte Single Serve Coffee Capsules,$6.99 ,$6.99 ,"10 ea, $69.90/100ea",Coffee,/p/21213234_EA
Nabob Latte Coffee Single Serve T-Discs,$9.99 ,$9.99 ,"263 g, $3.80/100g",Coffee,/p/21012449_EA
Breakfast Blend Whole Bean,$12.49 ,$12.49 ,"340 g, $3.67/100g",Coffee,/p/20648316_EA
"French Roast Dark Roast K-Cup, 44-Pack",$33.99 ,$33.99 ,"528 g, $6.44/100g",Coffee,/p/21431368_EA
Gourmet Half Caff Swiss Water® Process Decaffeinated Medium Roast Fine Grind Coffee,$5.99 ,$5.99 ,"250 g, $2.40/100g",Coffee,/p/21493955_EA
French Vanilla Coffee,$23.99 ,$23.99 ,"30 ea, $0.80/1ea",Coffee,/p/21239176_EA
Gourmet Swiss Water Process Decaffeinated Medium Roast Single Serve Coffee Pods,$16.99 ,$16.99 ,"30 ea, $0.57/1ea",Coffee,/p/21035959_EA
"Coffee, House Blend Dark Roast , K Cup",$10.99 ,$10.99 ,"114 g, $9.64/100g",Coffee,/p/21098192_EA
Cappuccino TASSIMO T DISCs,$9.99 ,$9.99 ,"8 ea, $1.25/1ea",Coffee,/p/21010129_EA
Roasted Ground Coffee Qualità Oro Perfect Symphony,$6.99 ,$6.99 ,"250 g, $2.80/100g",Coffee,/p/20145899_EA
Chai Tea Latte Flavoured Beverage Pods,$7.99 ,$7.99 ,"112 g, $7.13/100g",Coffee,/p/20976027_EA
House Blend Whole Bean,$12.49 ,$12.49 ,"340 g, $3.67/100g",Coffee,20610482003_EA
Ground Coffee Flavoured Dulce De Leche Light Roast,$11.99 ,$11.99 ,"340 g, $3.53/100g",Coffee,/p/21432867_EA
Ground Coffee Bright Espresso,$7.99 ,$7.99 ,"10 ea, $0.80/1ea",Coffee,/p/21498998_EA
Ground Coffee Midnight Gold Dark Roast Coffee,$10.99 ,$10.99 ,"340 g, $3.23/100g",Coffee,/p/21194208_EA
"Single Serve Coffee Pod, Dark Roast",$10.99 ,$10.99 ,"126 g, $8.72/100g",Coffee,/p/20902455_EA
100% Colombian Whole Bean Coffee,$8.99 ,$8.99 ,"300 g, $3.00/100g",Coffee,/p/21012174_EA
G7 3-in-1 Instant Coffee,$4.99 ,$5.49 ,"352 g, $1.42/100g",Coffee,/p/20880186_EA
PC® Espresso Aromatico Lungo Single Serve Coffee Capsules,$6.99 ,$6.99 ,"10 ea, $69.90/100ea",Coffee,/p/21213472_EA
Timy Kc Rs Breakfast Blend,$33.79 ,$33.79 ,"60 ea, $0.56/1ea",Coffee,/p/21434794_EA
"GOLD Cappuccino, Instant Coffee Sachets",$6.49 ,$6.49 ,"112 g, $5.79/100g",Coffee,20318454002_EA
"Coffee, Ground  Flavoured Amaretto Inspired Light Roast 340 g",$11.99 ,$11.99 ,"340 g, $3.53/100g",Coffee,/p/21363963_EA
Costa Rica Single Origin Medium Roast Single Serve Coffee Pods,$16.99 ,$16.99 ,"30 ea, $0.57/1ea",Coffee,/p/21038647_EA
PC® Espresso Forte Decaffeinato Single Serve Coffee Capsules ,$6.99 ,$6.99 ,"10 ea, $0.70/1ea",Coffee,/p/21314906_EA
"Fine Grain Coffee, Decaffeinated",$9.99 ,$9.99 ,"300 g, $3.33/100g",Coffee,/p/20902304_EA
"Coffee Capsules for Nespresso Original System, Caramel",$12.99 ,$12.99 ,"51 g, $25.47/100g",Coffee,/p/21549729_EA
Gourmet Swiss Water Process Decaffeinated Medium Roast Single Serve Coffee Pods,$16.99 ,$16.99 ,"30 ea, $0.57/1ea",Coffee,/p/21035959_EA
"Coffee, House Blend Dark Roast , K Cup",$10.99 ,$10.99 ,"114 g, $9.64/100g",Coffee,/p/21098192_EA
"Original House Blend K-Cup Coffee Pods, 24 Count",$18.49 ,$18.49 ,"228 g, $8.11/100g",Coffee,/p/21365907_EA
Nabob Latte Coffee Single Serve T-Discs,$9.99 ,$9.99 ,"263 g, $3.80/100g",Coffee,/p/21012449_EA
Van Houtte Vanilla Hazelnut Coffee Light Roast,$10.99 ,$10.99 ,"12 ea, $0.92/1ea",Coffee,20293336003_EA
Colombian Coffee 100% Compostable K Cup Coffee Pods,$13.99 ,$17.99 ,"292 g, $4.79/100g",Coffee,/p/21365871_EA
Illy Blend Ground Coffee Intenso Bold Roast,$13.99 ,$13.99 ,"250 g, $5.60/100g",Coffee,/p/21524116_EA
Nabob Breakfast Blend Coffee Single Serve T-Discs,$9.99 ,$9.99 ,"14 ea, $8.12/100g",Coffee,/p/20321621_EA
True North Blend Blonde Roast Ground Coffee K-Cup Pods,$23.99 ,$23.99 ,"24 ea, $1.00/1ea",Coffee,/p/21013199_EA
Sumatra Single Origin Dark Roast Single Serve Coffee Pods,$7.99 ,$7.99 ,"12 ea, $0.67/1ea",Coffee,/p/20678130_EA
"Lemon Tea, Cartons 10 Pack",$3.49 ,$3.49 ,"10x200.0 ml, $0.17/100ml",Tea & Hot Drinks,/p/20276002_EA
"Iced Tea, Lemon ",$6.99 ,$6.99 ,"12x341.0 ml, $0.17/100ml",Tea & Hot Drinks,0130460002_C12
Medium Roast Iced Coffee,$8.49 ,$8.49 ,"1.42 l, $0.60/100ml",Tea & Hot Drinks,/p/21215530_EA
Blonde Roast Iced Coffee,$8.49 ,$8.49 ,"1.42 l, $0.60/100ml",Tea & Hot Drinks,/p/21215527_EA
Lemon Iced Tea,$4.49 ,$4.49 ,"1.75 l, $0.26/100ml",Tea & Hot Drinks,20755752002_EA
"Zero Iced Tea, Lemon   ",$6.99 ,$6.99 ,"12x341.0 ml, $0.17/100ml",Tea & Hot Drinks,0320646002_C12
Original Iced Tea 2.35 Kg,$11.99 ,$11.99 ,"2.35 kg, $0.51/100g",Tea & Hot Drinks,/p/20093202_EA
"Peach Party Tea, Can",$1.49 ,$1.49 ,"695 ml, $0.21/100ml",Tea & Hot Drinks,/p/21080320_EA
"Razzleberry Tea, Can",$1.49 ,$1.49 ,"695 ml, $0.21/100ml",Tea & Hot Drinks,/p/21082228_EA
Orange Pekoe Black Tea,$12.99 ,$12.99 ,"216 ea, $0.06/1ea",Tea & Hot Drinks,/p/20025699_EA
Diet Lemon Iced Tea ,$4.99 ,$4.99 ,"12x355.0 ml, $0.12/100ml",Tea & Hot Drinks,0059359002_C12
Iced Tea,$2.29 ,$2.29 ,"1.75 l, $0.13/100ml",Tea & Hot Drinks,/p/20860677_EA
Sno-Berry,$1.49 ,$1.49 ,"695 ml, $0.21/100ml",Tea & Hot Drinks,/p/21162339_EA
Lemon Iced Tea Naturally Flavoured,$4.99 ,$4.99 ,"12x355.0 ml, $0.12/100ml",Tea & Hot Drinks,p/20324399_C12
"Caddy Shack Tea, Can",$1.49 ,$1.49 ,"695 ml, $0.21/100ml",Tea & Hot Drinks,/p/21082235_EA
Raspberry Iced Tea,$4.49 ,$4.49 ,"1.75 l, $0.26/100ml",Tea & Hot Drinks,20755752001_EA
Lemon Iced Tea,$0.99 ,$0.99 ,"710 ml, $0.14/100ml",Tea & Hot Drinks,/p/21082610_EA
Lemon Ginger Herbal Tea,$3.98 ,$3.98 ,"20 ea, $0.20/1ea",Tea & Hot Drinks,/p/21105270_EA
"Peach Tea, Cherry",$1.49 ,$1.49 ,"695 ml, $0.21/100ml",Tea & Hot Drinks,/p/21189237_EA
"Peach Tea, Cartons 10 Pack",$3.49 ,$3.49 ,"10x200.0 ml, $0.17/100ml",Tea & Hot Drinks,/p/21018461_EA
Strawberry Iced Tea,$0.99 ,$0.99 ,"710 ml, $0.14/100ml",Tea & Hot Drinks,/p/21523800_EA
Camomile Herbal Tea,$3.98 ,$3.98 ,"20 ea, $0.20/1ea",Tea & Hot Drinks,20627612001_EA
Yogurt-Flavored Drink,$1.79 ,$1.79 ,"400 ml, $0.45/100ml",Tea & Hot Drinks,/p/21091972_EA
"Lemon Tea, Jug",$6.99 ,$6.99 ,"2.63 l, $0.27/100ml",Tea & Hot Drinks,/p/21086076_EA
Orange Pekoe Black Tea,$5.99 ,$5.99 ,"72 ea, $0.08/1ea",Tea & Hot Drinks,/p/20839025_EA
Hot Chocolate Mix,$3.79 ,$3.79 ,"500 g, $0.76/100g",Tea & Hot Drinks,/p/20760278_EA
Mango Mood,$1.49 ,$1.49 ,"695 ml, $0.21/100ml",Tea & Hot Drinks,/p/21162338_EA
Chai Black Tea,$3.98 ,$3.98 ,"20 ea, $9.95/100g",Tea & Hot Drinks,/p/20296026_EA
Zero Lemon Iced Tea,$0.99 ,$0.99 ,"710 ml, $0.14/100ml",Tea & Hot Drinks,/p/21426848_EA
Ginger Peach Herbal Tea,$3.98 ,$3.98 ,"20 ea, $9.95/100g",Tea & Hot Drinks,20627616002_EA
"Brewed Iced Tea Less Sugar, Lemon",$4.49 ,$4.49 ,"1.75 l, $0.26/100ml",Tea & Hot Drinks,/p/21430753_EA
Lemonade,$4.99 ,$4.99 ,"12x355.0 ml, $0.12/100ml",Tea & Hot Drinks,0059359003_C12
The Orange Pekoe,$5.99 ,$5.99 ,"72 ea, $0.08/1ea",Tea & Hot Drinks,/p/20304420_EA
Peach Iced Tea,$0.99 ,$0.99 ,"710 ml, $0.14/100ml",Tea & Hot Drinks,/p/21229621_EA
Blackberry Iced Tea,$0.99 ,$0.99 ,"710 ml, $0.14/100ml",Tea & Hot Drinks,/p/21360854_EA
Peppermint Herbal Cannister Pack,$4.99 ,$4.99 ,"20 ea, $0.25/1ea",Tea & Hot Drinks,/p/20711158_EA
Iced Tea Natural Lemon Flavour  ,$2.49 ,$2.49 ,"500 ml, $0.50/100ml",Tea & Hot Drinks,20376368002_EA
Orange Pekoe Black Tea 100% Rainforest Alliance Certified,$11.99 ,$11.99 ,"216 ea, $0.06/1ea",Tea & Hot Drinks,/p/20839023_EA
Hot Chocolate,$5.99 ,$5.99 ,"25 g, $2.40/100g",Tea & Hot Drinks,/p/21041744_EA
Half and Half Iced Tea with Lemonade,$0.99 ,$0.99 ,"710 ml, $0.14/100ml",Tea & Hot Drinks,/p/21093505_EA
Peach Tea,$4.49 ,$4.49 ,"1.75 l, $0.26/100ml",Tea & Hot Drinks,/p/20958183_EA
Chai Latte Tea Concentrate,$8.99 ,$8.99 ,"946 ml, $0.95/100ml",Tea & Hot Drinks,/p/21295930_EA
Decafeine Orange Pekoe,$9.99 ,$9.99 ,"80 ea, $0.12/1ea",Tea & Hot Drinks,/p/20711394_EA
Dark Roast Black Cold Brew Coffee,$5.49 ,$5.49 ,"900 ml, $0.61/100ml",Tea & Hot Drinks,/p/21022542_EA
Hot Chocolate,$6.49 ,$6.49 ,"500 g, $1.30/100g",Tea & Hot Drinks,/p/20055988_EA
Peppermint Herbal Tea,$2.99 ,$2.99 ,"36 g, $8.31/100g",Tea & Hot Drinks,/p/21376451_EA
Rooibos Red Tea,$3.98 ,$3.98 ,"20 ea, $0.20/1ea",Tea & Hot Drinks,/p/20301067_EA
Dreamland Herbal Tea,$3.98 ,$3.98 ,"20 ea, $0.20/1ea",Tea & Hot Drinks,/p/20618256_EA
50ct Earl Grey,$9.99 ,$9.99 ,"50 ea, $0.20/1ea",Tea & Hot Drinks,/p/20323107_EA
Marshmallow Hot Chocolate Canister,$6.99 ,$6.99 ,"450 g, $1.55/100g",Tea & Hot Drinks,/p/21398805_EA
"Rasberry Tea, Bottle",$2.39 ,$2.39 ,"547 ml, $0.44/100ml",Tea & Hot Drinks,/p/21018431_EA
Black Tea Extra Strong Flavour,$7.49 ,$7.49 ,"240 g, $3.12/100g",Tea & Hot Drinks,/p/21373811_EA
"Tea, Green  with Roasted Rice (Genmaicha)",$5.79 ,$5.79 ,"400 g, $1.45/100g",Tea & Hot Drinks,/p/20745536_EA
Black Tea Earl Grey Decaffeinated,$7.49 ,$7.49 ,"96 g, $7.80/100g",Tea & Hot Drinks,/p/21480223_EA
Moroccan Style Mint Green Tea,$3.98 ,$3.98 ,"20 ea, $0.20/1ea",Tea & Hot Drinks,20627612002_EA
Lemon & Ginger Tea,$9.99 ,$9.99 ,"50 ea, $0.20/1ea",Tea & Hot Drinks,/p/21111078_EA
20ct Honeybush Mandarin Orange,$5.49 ,$5.49 ,"20 ea, $0.27/1ea",Tea & Hot Drinks,/p/20584048_EA
20ct Chai,$5.49 ,$5.49 ,"20 ea, $0.27/1ea",Tea & Hot Drinks,/p/20297618_EA
Premium Flavoured Black Tea ,$4.49 ,$4.49 ,"48 ea, $0.09/1ea",Tea & Hot Drinks,/p/21403494_EA
Herbal Infusion Mother'S Little Helper Organic,$9.99 ,$9.99 ,"21.6 g, $46.25/100g",Tea & Hot Drinks,/p/21481183_EA
Iced Tea Powdered Drink Mix Pitcher Packs,$3.29 ,$3.29 ,"30.9 g, $10.65/100g",Tea & Hot Drinks,/p/20306020_EA
Green Tea with Honey,$2.69 ,$2.69 ,"547 ml, $0.49/100ml",Tea & Hot Drinks,20870346002_EA
"Herbal Tea Passion Hibiscus, Orange peel and Passion Fruit Flavours",$5.99 ,$5.99 ,"1 ea, $5.99/1ea",Tea & Hot Drinks,/p/21308031_EA
Chai Specialty Tea,$4.99 ,$4.99 ,"20 ea, $0.25/1ea",Tea & Hot Drinks,/p/20711638_EA
Steeped Tea Orange Pekoe Blend 12 K-Cup Pods,$12.99 ,$12.99 ,"12 ea, $1.08/1ea",Tea & Hot Drinks,/p/21188690_EA
"Hot Apple Cider Mix, Original",$4.99 ,$4.99 ,"230 g, $2.17/100g",Tea & Hot Drinks,/p/20114239_EA
Herbal Tea Live Calm Camomile Spearmint Orange,$4.29 ,$4.29 ,"30 g, $14.30/100g",Tea & Hot Drinks,/p/21480614_EA
Chocolate Milk Mix,$5.49 ,$5.49 ,"750 g, $0.73/100g",Tea & Hot Drinks,/p/21125237_EA
2-Cup Black Tea Bags,$2.79 ,$2.79 ,"100 ea, $0.03/1ea",Tea & Hot Drinks,/p/20160518_EA
Hot Chocolate Mix ,$12.49 ,$12.49 ,"1.8 kg, $0.69/100g",Tea & Hot Drinks,/p/20005589_EA
Care Lemon Ginger Herbal Tea  ,$4.99 ,$4.99 ,"20 ea, $0.25/1ea",Tea & Hot Drinks,/p/20976083_EA
Individual Tea Bags Sealed For Freshness English Breakfast,$15.49 ,$15.49 ,"100 ea, $0.15/1ea",Tea & Hot Drinks,/p/21427766_EA
Black Tea Cream Of Earl Grey Organic,$9.99 ,$9.99 ,"22.8 g, $43.82/100g",Tea & Hot Drinks,/p/21481195_EA
Cinnamon Apple Spice Herbal Tea,$4.99 ,$4.99 ,"20 ea, $0.25/1ea",Tea & Hot Drinks,20308149003_EA
Yorkshire Gold Orange Pekoe Tea,$8.39 ,$8.39 ,"80 ea, $0.10/1ea",Tea & Hot Drinks,/p/20752199_EA
Iced Tea Peach,$2.69 ,$2.69 ,"547 ml, $0.49/100ml",Tea & Hot Drinks,20870346001_EA
Peppermint Herbal Tea,$4.99 ,$4.99 ,"20 ea, $0.25/1ea",Tea & Hot Drinks,20322604001_EA
50ct Pure Peppermint,$9.99 ,$9.99 ,"50 ea, $0.20/1ea",Tea & Hot Drinks,/p/21111068_EA
Hot Chocolate Sachet,$5.99 ,$5.99 ,"8 ea, $0.75/1ea",Tea & Hot Drinks,/p/21314158_EA
"Tea, Premium Flavoured Black  Earl Grey Decaffeinated",$4.49 ,$4.49 ,"48 ea, $0.09/1ea",Tea & Hot Drinks,/p/21403469_EA
Jasmine Green Tea,$5.49 ,$5.49 ,"150 g, $3.66/100g",Tea & Hot Drinks,/p/20011920_EA
Brisk Lemon Iced Tea Cube (Case),$12.49 ,$12.49 ,"24x355.0 ml, $0.15/100ml",Tea & Hot Drinks,p/20803151_C01
Zero kiwi Strawberry ,$2.49 ,$2.49 ,"473 ml, $0.53/100ml",Tea & Hot Drinks,/p/21522184_EA
"Tea, Naturally Flavoured Matcha Drink Mix ",$12.99 ,$12.99 ,"78 g, $16.65/100g",Tea & Hot Drinks,/p/21405691_EA
"Lemon Ginseng Green Tea, 100% Rainforest Alliance Certified ",$7.49 ,$7.49 ,"72 ea, $0.10/1ea",Tea & Hot Drinks,20348897002_EA
Red Label Orange Pekoe,$11.99 ,$11.99 ,"675 g, $1.78/100g",Tea & Hot Drinks,/p/20017759_EA
"Taj Mahal Black Tea, Loose",$11.99 ,$11.99 ,"900 g, $1.33/100g",Tea & Hot Drinks,/p/21016924_EA
Red Label Black Tea,$5.99 ,$5.99 ,"450 g, $1.33/100g",Tea & Hot Drinks,/p/21016919_EA
China Green Tea,$3.99 ,$3.99 ,"200 g, $2.00/100g",Tea & Hot Drinks,20361458001_EA
Extra Strength,$4.99 ,$5.99 ,"50 g, $9.98/100g",Tea & Hot Drinks,/p/20114893_EA
Chocolate  Beverage Mix,$7.99 ,$7.99 ,"500 g, $1.60/100g",Tea & Hot Drinks,/p/21310273_EA
Pei Pa Koa,$5.49 ,$5.49 ,"150 ml, $3.66/100ml",Tea & Hot Drinks,/p/21026809_EA
Masala Chai Tea,$4.99 ,$4.99 ,"166 g, $3.01/100g",Tea & Hot Drinks,/p/21012145_EA
Superblends Flavoured Herbal Tea Lemon & Ginger,$6.99 ,$6.99 ,"18 ea, $0.39/1ea",Tea & Hot Drinks,/p/21427824_EA
Zen Tea Bag,$5.99 ,$5.99 ,"20 ea, $0.30/1ea",Tea & Hot Drinks,/p/21307994_EA
Instant Camomile Tea    ,$2.99 ,$2.99 ,"20 pack, $2.99/100g",Tea & Hot Drinks,/p/20095888_EA
Instant Camomile Tea    ,$2.99 ,$2.99 ,"20 pack, $2.99/100g",Tea & Hot Drinks,/p/20095888_EA
Hot Chocolate 30 Capsules ,$20.99 ,$20.99 ,"450 g, $4.66/100g",Tea & Hot Drinks,/p/21087023_EA
"Iced Coffee, Regular",$1.19 ,$1.39 ,"240 ml, $0.50/100ml",Tea & Hot Drinks,20310359001_EA
Raspberry Iced Tea,$2.69 ,$2.69 ,"547 ml, $0.49/100ml",Tea & Hot Drinks,20759843004_EA
50ct English Breakfast,$9.99 ,$9.99 ,"50 ea, $0.20/1ea",Tea & Hot Drinks,20006148001_EA
Earl Grey The Speciaux   ,$9.99 ,$9.99 ,"80 ea, $0.12/1ea",Tea & Hot Drinks,/p/20711454_EA
Jasmine Flavored Black Tea,$3.99 ,$3.99 ,"45 g, $8.87/100g",Tea & Hot Drinks,/p/21407014_EA
Rooibos Vanilla Specialty Tea,$4.99 ,$4.99 ,"20 ea, $0.25/1ea",Tea & Hot Drinks,/p/20719033_EA
French Vanilla Capp Sachet,$5.99 ,$5.99 ,"8 ea, $0.75/1ea",Tea & Hot Drinks,/p/21314155_EA
Hibiscus White Tea,$3.99 ,$3.99 ,"20 ea, $0.20/1ea",Tea & Hot Drinks,/p/21467346_EA
Lemon Thriller Herbal Tea,$3.98 ,$3.98 ,"20 ea, $9.95/100g",Tea & Hot Drinks,20627616003_EA
Malted Chocolate Drink Mix,$12.49 ,$12.49 ,"1.2 kg, $1.04/100g",Tea & Hot Drinks,/p/20047609_EA
20ct Earl Grey,$5.49 ,$5.49 ,"20 ea, $0.27/1ea",Tea & Hot Drinks,20308033001_EA
Strawberry Lemon Tea,$1.49 ,$1.49 ,"695 ml, $0.21/100ml",Tea & Hot Drinks,/p/21367721_EA
Variety Pack Hot Chocolate Envelopes,$5.99 ,$5.99 ,"175 g, $3.42/100g",Tea & Hot Drinks,/p/21397883_EA
Camomile Herbal Tea,$2.99 ,$2.99 ,"24 g, $12.46/100g",Tea & Hot Drinks,/p/21376440_EA
English Breakfast Tea ,$5.99 ,$5.99 ,"60 ea, $0.10/1ea",Tea & Hot Drinks,/p/20711665_EA
Red Label Black Tea,$12.99 ,$12.99 ,"900 g, $1.44/100g",Tea & Hot Drinks,/p/21017684_EA
"Chai Tea Latte Mix, Cardamom",$5.99 ,$5.99 ,"224 g, $2.67/100g",Tea & Hot Drinks,/p/20849286_EA
Naturally Flavoured Black Tea Chai Original,$7.49 ,$7.49 ,"96 g, $7.80/100g",Tea & Hot Drinks,/p/21480334_EA
"Herbal Tea, Fruit Sampler",$4.99 ,$4.99 ,"20 ea, $0.25/1ea",Tea & Hot Drinks,20296925006_EA
Super Tea immune lemon & Echinacea with Zinc,$4.99 ,$4.99 ,"20 ea, $0.25/1ea",Tea & Hot Drinks,/p/21107440_EA
Spiced Apple Herbal Tea,$3.98 ,$3.98 ,"40 g, $9.95/100g",Tea & Hot Drinks,/p/20314554_EA
20ct Earl Grey Decaf,$5.49 ,$5.49 ,"20 ea, $0.27/1ea",Tea & Hot Drinks,/p/20300532_EA
"Rasberry Tea, Jug",$6.99 ,$6.99 ,"2.63 l, $0.27/100ml",Tea & Hot Drinks,/p/21086080_EA
Hot Beverage Sachet,$11.99 ,$11.99 ,"24 ea, $0.50/1ea",Tea & Hot Drinks,/p/21297293_EA
Hibiscus Mango,$4.49 ,$4.49 ,"1.75 l, $0.26/100ml",Tea & Hot Drinks,/p/21160988_EA
Organic Dark Hot Chocolate,$7.29 ,$7.29 ,"336 g, $2.17/100g",Tea & Hot Drinks,20311088002_EA
"Iced Coffee, Blue Mountain",$1.19 ,$1.39 ,"240 ml, $0.50/100ml",Tea & Hot Drinks,20310359003_EA
Loose Black Tea Desh Ka Anokha Swad,$14.99 ,$14.99 ,"900 g, $1.67/100g",Tea & Hot Drinks,/p/21407273_EA
Instant Chai Tea Latte Cardamom Chai ,$5.49 ,$5.49 ,"220 g, $2.50/100g",Tea & Hot Drinks,/p/21379894_EA
Tea,$8.99 ,$8.99 ,"681 g, $1.32/100g",Tea & Hot Drinks,/p/20177173_EA
Superblends Flavoured Herbal Tea Spiced Apple & Vanilla,$6.99 ,$6.99 ,"18 ea, $0.39/1ea",Tea & Hot Drinks,/p/21427843_EA
Yorkshire Orange Pekoe Tea,$8.29 ,$8.29 ,"80 ea, $0.10/1ea",Tea & Hot Drinks,/p/20752130_EA
Naturally Flavoured Blueberry Iced Tea ,$2.39 ,$2.39 ,"547 ml, $0.44/100ml",Tea & Hot Drinks,/p/21367736_EA
Cardamom Tea,$10.99 ,$10.99 ,"500 g, $2.20/100g",Tea & Hot Drinks,/p/20784244_EA
Milky Flavor Tea Uji Matcha,$7.99 ,$7.99 ,"375 g, $2.13/100g",Tea & Hot Drinks,/p/21452078_EA
Green Tea The Vert Naturellement Decafeine   ,$9.99 ,$9.99 ,"80 ea, $0.12/1ea",Tea & Hot Drinks,/p/20719836_EA
Cucumber Mint Flavour Green Tea,$3.99 ,$3.99 ,"1.54 l, $0.26/100ml",Tea & Hot Drinks,/p/21430567_EA
Herbal Infusion Cold 911 Organic,$9.99 ,$9.99 ,"14.4 g, $69.38/100g",Tea & Hot Drinks,/p/21480888_EA
"Tea, Green  with Roasted Rice Genmaicha",$4.19 ,$4.19 ,"40 g, $10.48/100g",Tea & Hot Drinks,20680380002_EA
Creamy Vanilla Earl Grey Tea,$5.49 ,$5.49 ,"20 ea, $0.27/1ea",Tea & Hot Drinks,/p/21308120_EA
Bengal Spice Herbal Tea,$4.99 ,$4.99 ,"20 ea, $0.25/1ea",Tea & Hot Drinks,20296925005_EA
Classic Hot Cocoa K-Cup Pods Box,$9.99 ,$10.99 ,"10 ea, $99.90/100ea",Tea & Hot Drinks,/p/20914506_EA
Premium Black Tea Orange Pekoe,$4.49 ,$4.49 ,"72 ea, $0.06/1ea",Tea & Hot Drinks,/p/21404537_EA
Earl Grey Decaffeinated Specialty Cannister Pack,$4.99 ,$4.99 ,"24 ea, $0.21/1ea",Tea & Hot Drinks,/p/20722550_EA
"Tea, Super Herbal  Immune Lemon & Echinacea with Zinc",$7.99 ,$7.99 ,"40 ea, $0.20/1ea",Tea & Hot Drinks,/p/21403526_EA
Raspberry Can,$6.99 ,$6.99 ,"12x341.0 ml, $0.17/100ml",Tea & Hot Drinks,p/21438904_C12
"Tea, Green  with Roasted Rice Genmaicha",$4.19 ,$4.19 ,"40 g, $10.48/100g",Tea & Hot Drinks,20680380002_EA
Chocolatey Chai Herbal Tea,$3.98 ,$3.98 ,"20 ea, $0.20/1ea",Tea & Hot Drinks,/p/20618826_EA
Earl Grey Decaffeinated Specialty Cannister Pack,$4.99 ,$4.99 ,"24 ea, $0.21/1ea",Tea & Hot Drinks,/p/20722550_EA
"Tea, Super Herbal  Immune Lemon & Echinacea with Zinc",$7.99 ,$7.99 ,"40 ea, $0.20/1ea",Tea & Hot Drinks,/p/21403526_EA
Raspberry Can,$6.99 ,$6.99 ,"12x341.0 ml, $0.17/100ml",Tea & Hot Drinks,p/21438904_C12
Organic Chai Te Bag ,$5.99 ,$5.99 ,"20 ea, $0.30/1ea",Tea & Hot Drinks,/p/21308145_EA
Cucumber Mint Flavour Green Tea,$3.99 ,$3.99 ,"1.54 l, $0.26/100ml",Tea & Hot Drinks,/p/21430567_EA
Malted Chocolate Drink Mix,$3.49 ,$3.49 ,"150 g, $2.33/100g",Tea & Hot Drinks,/p/21494312_EA
Loose Black Tea ,$8.99 ,$8.99 ,"450 g, $2.00/100g",Tea & Hot Drinks,/p/21407294_EA
Organic Green Tea,$6.29 ,$6.29 ,"200 g, $3.15/100g",Tea & Hot Drinks,/p/20793905_EA
Coffee Mix,$2.59 ,$2.59 ,"150 g, $1.73/100g",Tea & Hot Drinks,/p/20964335_EA
Malted Chocolate Drink,$4.99 ,$5.99 ,"400 g, $1.25/100g",Tea & Hot Drinks,/p/20726633_EA
Instant Ginger Latte With Honey,$4.99 ,$4.99 ,"250 g, $2.00/100g",Tea & Hot Drinks,/p/21428010_EA
20ct Pure Camomile,$5.49 ,$5.49 ,"20 ea, $0.27/1ea",Tea & Hot Drinks,20303755001_EA
Organic Oolong Tea,$6.29 ,$6.29 ,"200 g, $3.15/100g",Tea & Hot Drinks,/p/20793908_EA
Yellow Label Black Tea Refreshing Taste ,$7.99 ,$7.99 ,"200 g, $4.00/100g",Tea & Hot Drinks,20305876002_EA
Super Herbal Tea Immune+ Peppermint & Ginger With Zinc And Vitamin D,$4.99 ,$4.99 ,"20 ea, $0.25/1ea",Tea & Hot Drinks,/p/21311676_EA
Milky Flavor Tea Okinawa,$7.99 ,$7.99 ,"375 g, $2.13/100g",Tea & Hot Drinks,/p/21452110_EA
Herbal Tea Peppermint Spearmint Caffeine Free,$4.29 ,$4.29 ,"32 g, $13.41/100g",Tea & Hot Drinks,/p/21480220_EA
Multi-Fruit Tea,$2.49 ,$2.49 ,"50 g, $4.98/100g",Tea & Hot Drinks,20694780003_EA
"Iced Coffee, Caramel Macchiato Flavoured With Real Milk And Cream, 5 Servings",$6.99 ,$6.99 ,"1.89 l, $0.37/100ml",Tea & Hot Drinks,/p/21364851_EA
Green Tea (Sencha),$5.99 ,$5.99 ,"150 g, $3.99/100g",Tea & Hot Drinks,/p/20091057_EA
Feeling Calm Camomile Citrus Herbal Tea,$3.98 ,$3.98 ,"20 ea, $0.20/1ea",Tea & Hot Drinks,20627711001_EA
Cinnamon Rooibos Chai Organic,$9.99 ,$9.99 ,"24 g, $41.62/100g",Tea & Hot Drinks,/p/21481197_EA
Sleepytime Vanilla Herbal Tea,$4.99 ,$4.99 ,"20 ea, $0.25/1ea",Tea & Hot Drinks,20308149004_EA
20ct Pure Peppermint,$5.49 ,$5.49 ,"20 ea, $0.27/1ea",Tea & Hot Drinks,/p/20308680_EA
"Green Tea, Club Pack",$3.99 ,$3.99 ,"48 ea, $8.31/100ea",Tea & Hot Drinks,/p/21107145_EA
Vanilla Black Tea,$3.99 ,$3.99 ,"20 ea, $0.20/1ea",Tea & Hot Drinks,/p/21467338_EA
"Rich And Creamy Hot Chocolate, Large Canister",$19.99 ,$19.99 ,"1.7 kg, $1.18/100g",Tea & Hot Drinks,/p/21123226_EA
Cold Brew Nitro Black Coffee,$2.99 ,$2.99 ,"355 ml, $0.93/100ml",Tea & Hot Drinks,/p/21087669_EA
Gold Milk Tea Flavoured Tea Powder,$9.99 ,$12.49 ,"561 g, $1.78/100g",Tea & Hot Drinks,/p/21220384_EA
Tea Pure Ceylon,$5.99 ,$5.99 ,"60 ea, $0.10/1ea",Tea & Hot Drinks,/p/20711667_EA
Ruby Hot Cocoa Mix,$5.49 ,$5.49 ,"350 g, $1.57/100g",Tea & Hot Drinks,/p/21400647_EA
Original Chai Tea Concentrate,$6.49 ,$6.49 ,"946 ml, $0.69/100ml",Tea & Hot Drinks,/p/20033779_EA
Fruit Infusion Forever Nuts,$9.99 ,$9.99 ,"30 g, $33.30/100g",Tea & Hot Drinks,/p/21481194_EA
20ct Variety Pack,$5.49 ,$5.49 ,"20 ea, $0.27/1ea",Tea & Hot Drinks,/p/20312809_EA
"Green Tea Tea Naturally Decaffeinated, 100% Rainforest Alliance Certified",$7.49 ,$7.49 ,"72 ea, $0.10/1ea",Tea & Hot Drinks,20348897001_EA
Flavoured Tea Powder Gold Milk Tea,$7.49 ,$9.49 ,"396 g, $1.89/100g",Tea & Hot Drinks,/p/21220447_EA
The corse orange pekoe - Corse ,$5.99 ,$5.99 ,"72 ea, $0.08/1ea",Tea & Hot Drinks,/p/20711160_EA
Superblends Flavoured Herbal Tea Orange & Star Anise,$6.99 ,$6.99 ,"18 ea, $0.39/1ea",Tea & Hot Drinks,/p/21427825_EA
Green Tea,$3.98 ,$3.98 ,"20 ea, $0.20/1ea",Tea & Hot Drinks,/p/20308417_EA
Oolong Tea,$3.99 ,$3.99 ,"200 g, $2.00/100g",Tea & Hot Drinks,20361458002_EA
"Aero S'Mores Hot Chocolate, Envelopes",$5.99 ,$5.99 ,"175 g, $3.42/100g",Tea & Hot Drinks,/p/21397872_EA
Frozen Hot Chocolate,$6.99 ,$6.99 ,"450 g, $1.55/100g",Tea & Hot Drinks,/p/21397690_EA
Bakri Premium Tea    ,$10.99 ,$13.49 ,"907 g, $1.21/100g",Tea & Hot Drinks,/p/20375231_EA
Matcha Latte Instant 10,$4.99 ,$5.99 ,"250 g, $2.00/100g",Tea & Hot Drinks,/p/21166724_EA
Loose Black Tea Desh Ka Anokha Swad,$7.99 ,$7.99 ,"450 g, $1.78/100g",Tea & Hot Drinks,/p/21407291_EA
Antiox Apple Cinnamon & Turmeric With Vitamin C,$4.99 ,$4.99 ,"20 g, $0.25/1ea",Tea & Hot Drinks,/p/21194363_EA
Superblends Herbal Tea Peppermint & Fennel,$6.99 ,$6.99 ,"18 ea, $0.39/1ea",Tea & Hot Drinks,/p/21427764_EA
"Tea, Indian Pleasures Premium Assam  Special Blend",$11.99 ,$11.99 ,"908 g, $1.32/100g",Tea & Hot Drinks,/p/21092499_EA
Turmeric Latte,$5.49 ,$5.49 ,"132 g, $4.16/100g",Tea & Hot Drinks,/p/21379888_EA
Loose Black Tea  ,$15.99 ,$15.99 ,"900 g, $1.78/100g",Tea & Hot Drinks,/p/21407293_EA
Instant Coffee Mix,$6.19 ,$6.19 ,"30x18.0 g, $1.15/100g",Tea & Hot Drinks,20004373001_EA
Dream Camomile/Lemon Herbal Cannister Pack,$4.99 ,$4.99 ,"20 ea, $0.25/1ea",Tea & Hot Drinks,/p/20711153_EA
Jasmine Tea,$3.99 ,$3.99 ,"200 g, $2.00/100g",Tea & Hot Drinks,20361458003_EA
Lemon Real Brewed Tea,$2.69 ,$2.69 ,"547 ml, $0.49/100ml",Tea & Hot Drinks,20759843001_EA
"Greenest of All Teas Tea, Can",$1.49 ,$1.49 ,"695 ml, $0.21/100ml",Tea & Hot Drinks,/p/21082239_EA
Mint Green Specialty Tea   ,$4.99 ,$4.99 ,"24 ea, $0.21/1ea",Tea & Hot Drinks,/p/20712238_EA
Lemon Iced Tea With 0.5 Less Sugar,$6.49 ,$6.49 ,"715 g, $0.91/100g",Tea & Hot Drinks,/p/21014408_EA
Pure Green Specialty Tea   ,$4.99 ,$4.99 ,"24 ea, $0.21/1ea",Tea & Hot Drinks,/p/20712339_EA
"Hot Chocolate Mix, Cookies and Creme - 7 sachets",$5.99 ,$5.99 ,"175 g, $3.42/100g",Tea & Hot Drinks,/p/21474100_EA
Super Green Matcha,$4.99 ,$4.99 ,"20 ea, $0.25/1ea",Tea & Hot Drinks,/p/21203784_EA
Fruit Infusion Just Peachy,$9.99 ,$9.99 ,"21.6 g, $46.25/100g",Tea & Hot Drinks,/p/21481196_EA
Super Tea Boost Berry Burst With Vitamin B6,$4.99 ,$4.99 ,"20 ea, $0.25/1ea",Tea & Hot Drinks,/p/21107497_EA
Blueberry Tea,$2.49 ,$2.49 ,"50 g, $4.98/100g",Tea & Hot Drinks,20694780001_EA
Sleepy Time Tea,$7.49 ,$7.49 ,"40 ea, $0.19/1ea",Tea & Hot Drinks,/p/20940697_EA
Brisk Lemonade,$1.79 ,$1.79 ,"1 l, $0.18/100ml",Tea & Hot Drinks,20128084003_EA
Wild Sweet Orange Tea,$5.99 ,$5.99 ,"20 ea, $0.30/1ea",Tea & Hot Drinks,/p/21308027_EA
Lemon Flavor Black Tea,$3.99 ,$3.99 ,"45 g, $8.87/100g",Tea & Hot Drinks,/p/21407010_EA
Iced Tea with 50% Less Sugar,$6.49 ,$6.49 ,"715 g, $0.91/100g",Tea & Hot Drinks,/p/21014454_EA
"Iced Tea, Lemon    ",$13.99 ,$13.99 ,"24x341.0 ml, $0.17/100ml",Tea & Hot Drinks,0158856003_C24
"Chinese Teabags, Jasmine",$2.49 ,$2.99 ,"25 ea, $0.10/1ea",Tea & Hot Drinks,20301385002_EA
Lavender Flavour White Tea,$3.99 ,$3.99 ,"1.54 l, $0.26/100ml",Tea & Hot Drinks,/p/21430637_EA
Sleepytime Herbal Tea,$4.99 ,$4.99 ,"20 ea, $0.25/1ea",Tea & Hot Drinks,20296925001_EA
"Peach Tea, Bottle",$2.39 ,$2.39 ,"547 ml, $0.44/100ml",Tea & Hot Drinks,/p/21097820_EA
"Tea, Super Herbal  Camomile & Turmeric with Multivitamins",$4.99 ,$4.99 ,"20 ea, $0.25/1ea",Tea & Hot Drinks,/p/21403795_EA
"Tea, Cardamom",$7.99 ,$7.99 ,"200 g, $4.00/100g",Tea & Hot Drinks,/p/20784225_EA
Dark Chocolate Peppermint Candy Hot Cocoa Mix,$4.99 ,$4.99 ,"500 g, $1.00/100g",Tea & Hot Drinks,/p/21480613_EA
Naturally Decaffeinated Green Tea,$3.98 ,$3.98 ,"20 ea, $0.20/1ea",Tea & Hot Drinks,/p/20321188_EA
Herbal Tea Clarity Blueberry Ginseng Tea   ,$4.99 ,$4.99 ,"20 ea, $0.25/1ea",Tea & Hot Drinks,/p/20712654_EA
Maple Rooibos Red Tea,$3.99 ,$3.99 ,"20 ea, $0.20/1ea",Tea & Hot Drinks,/p/21467336_EA
Brisk Lemon Iced Tea,$1.79 ,$1.79 ,"1 l, $0.18/100ml",Tea & Hot Drinks,20128084001_EA
20ct Lady Grey,$5.49 ,$5.49 ,"20 ea, $0.27/1ea",Tea & Hot Drinks,20308033002_EA
Lemon Ginger Tea,$4.99 ,$4.99 ,"20 ea, $0.25/1ea",Tea & Hot Drinks,/p/20856511_EA
Earl Grey Vanilla Specialty Cannister Pack,$4.99 ,$4.99 ,"24 ea, $0.21/1ea",Tea & Hot Drinks,/p/20719662_EA
Herbal Tea Goodnight Blend,$9.99 ,$9.99 ,"50 ea, $0.20/1ea",Tea & Hot Drinks,/p/21427851_EA
"Tea, Loose Leaf  Green  Blood Orange Boost",$9.99 ,$9.99 ,"50 g, $19.98/100g",Tea & Hot Drinks,/p/21405809_EA
"Tea, Honey Lemon Ginseng Green Specialty  ",$4.99 ,$4.99 ,"24 ea, $0.21/1ea",Tea & Hot Drinks,/p/20712262_EA
20ct Lemon & Ginger,$5.49 ,$5.49 ,"20 ea, $0.27/1ea",Tea & Hot Drinks,20300740001_EA
Loose Leaf Tea Fruit Infusion Frozen Raspberry,$9.99 ,$9.99 ,"50 g, $19.98/100g",Tea & Hot Drinks,/p/21405796_EA
Instant Ginger Tea Latte With Honey,$4.99 ,$5.49 ,"250 g, $2.00/100g",Tea & Hot Drinks,/p/21427855_EA
"Malted Drink, Classic",$4.99 ,$5.99 ,"400 g, $1.25/100g",Tea & Hot Drinks,/p/20726635_EA
Malted Milk Drink,$4.99 ,$5.99 ,"400 g, $1.25/100g",Tea & Hot Drinks,/p/20726620_EA
Original Beverage Mix,$7.99 ,$7.99 ,"500 g, $1.60/100g",Tea & Hot Drinks,/p/21310302_EA
Herbal Tea Live Bold Cinnamon Chai Rooibos,$4.29 ,$4.29 ,"40 g, $10.73/100g",Tea & Hot Drinks,/p/21480278_EA
Raspberry Tea,$2.49 ,$2.49 ,"50 g, $4.98/100g",Tea & Hot Drinks,20694780004_EA
"Lemon Tea, Bottle ",$2.39 ,$2.39 ,"547 ml, $0.44/100ml",Tea & Hot Drinks,/p/21018720_EA
Earl Grey Specialty Tea   ,$4.99 ,$4.99 ,"24 ea, $0.21/1ea",Tea & Hot Drinks,20795090002_EA
Green Tea Naturally Decaffeinated,$4.99 ,$4.99 ,"24 ea, $0.21/1ea",Tea & Hot Drinks,/p/20712557_EA
Dirty Chai Black Tea with Espresso Coffee,$3.98 ,$3.98 ,"20 ea, $0.20/1ea",Tea & Hot Drinks,/p/21105267_EA
"Iced Coffee, Cappuccino",$1.19 ,$1.39 ,"240 ml, $0.50/100ml",Tea & Hot Drinks,20310359002_EA
Japanese Green Tea (Sencha),$5.39 ,$5.39 ,"200 g, $2.70/100g",Tea & Hot Drinks,20057679002_EA
Orange Pekoe Premium Black Tea,$7.99 ,$7.99 ,"216 ea, $0.04/1ea",Tea & Hot Drinks,/p/20030717_EA
50ct Pure Camomile,$9.99 ,$9.99 ,"50 ea, $0.20/1ea",Tea & Hot Drinks,/p/21111073_EA
Green Tea,$5.79 ,$5.79 ,"40 g, $14.48/100g",Tea & Hot Drinks,/p/20659786_EA
Carnation Hot Chocolate Mix Turtles,$7.29 ,$7.29 ,"400 g, $1.82/100g",Tea & Hot Drinks,/p/21549711_EA
Marshmallow Hot Chocolate Sachets,$5.99 ,$5.99 ,"250 g, $2.40/100g",Tea & Hot Drinks,/p/21042072_EA
English Tea,$7.99 ,$7.99 ,"200 g, $4.00/100g",Tea & Hot Drinks,/p/20784305_EA
Super Green Tea Antiox Tropical With Vitamin C,$4.99 ,$4.99 ,"20 ea, $0.25/1ea",Tea & Hot Drinks,/p/21107154_EA
Super Herbal Tea-Boost Peach Ginger Dan with Vitamin B6,$4.99 ,$4.99 ,"40 g, $0.25/1ea",Tea & Hot Drinks,/p/21194365_EA
"Simply Hot Chocolate, Canister",$6.49 ,$6.49 ,"400 g, $1.62/100g",Tea & Hot Drinks,/p/21194486_EA
"Iced Coffee, Mocha Flavoured, With Real Milk And Cream, 5 Servings",$6.99 ,$6.99 ,"1.89 l, $0.37/100ml",Tea & Hot Drinks,/p/21365077_EA
Warmth Cinnamon Spice Herbal Cannister Pack,$4.99 ,$4.99 ,"20 ea, $0.25/1ea",Tea & Hot Drinks,/p/20712651_EA
Raspberry Thriller Herbal Tea,$3.98 ,$3.98 ,"40 g, $9.95/100g",Tea & Hot Drinks,20627616005_EA
Instant 3-in-1 Milk Tea,$7.19 ,$7.19 ,"30x18.0 g, $1.33/100g",Tea & Hot Drinks,/p/20128682_EA
Tea Earl Grey,$4.99 ,$4.99 ,"40 g, $12.48/100g",Tea & Hot Drinks,/p/20879975_EA
"Chinese Teabags, Pu Erh",$2.49 ,$2.99 ,"25 ea, $0.10/1ea",Tea & Hot Drinks,/p/20002008_EA
Organic Original Milk Hot Chocolate,$7.29 ,$7.29 ,"336 g, $2.17/100g",Tea & Hot Drinks,20311088001_EA
Bengal Spice Herbal Tea,$7.49 ,$7.49 ,"94 g, $18.73/100g",Tea & Hot Drinks,/p/20940696_EA
Decaf Orange Pekoe Tea,$4.49 ,$4.49 ,"48 ea, $0.09/1ea",Tea & Hot Drinks,/p/21403481_EA
Yellow Label Green Tea 100% Rainforest Alliance Certified,$7.99 ,$7.99 ,"200 g, $4.00/100g",Tea & Hot Drinks,20305876001_EA
Licorice Spice Herbal Tea,$4.99 ,$4.99 ,"20 ea, $0.25/1ea",Tea & Hot Drinks,20322604009_EA
"Chinese Teabags, Iron Buddha",$2.49 ,$2.99 ,"25 ea, $0.10/1ea",Tea & Hot Drinks,20301385001_EA
"Feeling Soothed Peppermint, Ginger & Fennel Herbal Tea",$3.98 ,$3.98 ,"20 ea, $0.20/1ea",Tea & Hot Drinks,/p/20314997_EA
Spice Dragon Red Chai Herbal Tea,$4.99 ,$4.99 ,"18 ea, $0.28/1ea",Tea & Hot Drinks,/p/20856418_EA
Instant Honey Ginger Drink,$2.99 ,$2.99 ,"10x18.0 g, $1.66/100g",Tea & Hot Drinks,/p/20152752_EA
"Tea, Masala Chai Black  with Real Spices ",$5.99 ,$5.99 ,"182 g, $3.29/100g",Tea & Hot Drinks,/p/21379214_EA
Soda ,$6.99 ,$6.99 ,"12x355.0 ml, $0.16/100ml",Soft Drinks,0318694002_C12
"Zero Sugar, 12 pack",$6.99 ,$6.99 ,"12x355.0 ml, $0.16/100ml",Soft Drinks,0318694001_C12
"Ginger Ale, 12 Pack",$6.99 ,$6.99 ,"12x355.0 ml, $0.16/100ml",Soft Drinks,0307569004_C12
Diet Coke  ,$6.99 ,$6.99 ,"12x355.0 ml, $0.16/100ml",Soft Drinks,0318694003_C12
Bottle,$2.69 ,$2.69 ,"2 l, $0.13/100ml",Soft Drinks,20316026002_EA
Soda ,$6.79 ,$6.79 ,"12x355.0 ml, $0.16/100ml",Soft Drinks,0322361002_C12
Soda      ,$2.49 ,$2.49 ,"2 l, $0.12/100ml",Soft Drinks,20296926002_EA
Cola  ,$12.49 ,$12.49 ,"24x355.0 ml, $0.15/100ml",Soft Drinks,0308197001_C24
Soda      ,$5.29 ,$5.29 ,"6x710.0 ml, $0.12/100ml",Soft Drinks,0310546002_C06
Low Sodium Club Soda,$4.99 ,$4.99 ,"12x355.0 ml, $0.12/100ml",Soft Drinks,0690671001_C12
Soda ,$5.29 ,$5.29 ,"6x710.0 ml, $0.12/100ml",Soft Drinks,0313741002_C06
"Ginger Ale, Bottle",$2.69 ,$2.69 ,"2 l, $0.13/100ml",Soft Drinks,20311362001_EA
"Zero Sugar, Bottle",$2.69 ,$2.69 ,"2 l, $0.13/100ml",Soft Drinks,20316026005_EA
Diet Soda,$5.29 ,$5.29 ,"6x710.0 ml, $0.12/100ml",Soft Drinks,0310546004_C06
Diet Soda,$6.79 ,$6.79 ,"12x355.0 ml, $0.16/100ml",Soft Drinks,0322361004_C12
Diet Coke Cans  ,$12.49 ,$12.49 ,"24x355.0 ml, $0.15/100ml",Soft Drinks,0308197003_C24
Cube Soda     ,$12.49 ,$12.49 ,"24x355.0 ml, $0.15/100ml",Soft Drinks,0306687003_C24
Diet Soda,$2.49 ,$2.49 ,"2 l, $0.12/100ml",Soft Drinks,20296926003_EA
Zero Sugar     ,$5.29 ,$5.29 ,"6x710.0 ml, $0.12/100ml",Soft Drinks,0313741001_C06
Ginger Ale ,$12.49 ,$12.49 ,"24x355.0 ml, $0.15/100ml",Soft Drinks,0306330002_C24
Diet Ginger Ale ,$6.99 ,$6.99 ,"12x355.0 ml, $0.16/100ml",Soft Drinks,0307569005_C12
Ginger Ale,$1.39 ,$1.39 ,"2 l, $0.07/100ml",Soft Drinks,20311645004_EA
"Ginger Ale, 6 Pack Mini-Cans",$4.29 ,$4.29 ,"6x222.0 ml, $0.32/100ml",Soft Drinks,0354227001_C06
Soda      ,$3.99 ,$3.99 ,"6x222.0 ml, $0.30/100ml",Soft Drinks,0857560004_C06
"Zero Sugar, 12-Pack",$6.79 ,$6.79 ,"12x355.0 ml, $0.16/100ml",Soft Drinks,p/21519855_C12
Soda ,$6.99 ,$6.99 ,"12x355.0 ml, $0.16/100ml",Soft Drinks,0319214002_C12
Soda ,$6.99 ,$6.99 ,"12x355.0 ml, $0.16/100ml",Soft Drinks,0316417001_C12
Root Beer ,$6.99 ,$6.99 ,"12x355.0 ml, $0.16/100ml",Soft Drinks,0316407001_C12
Low Sodium Club Soda,$1.39 ,$1.39 ,"2 l, $0.07/100ml",Soft Drinks,20311645012_EA
Limited Edition Cranberry Ginger Ale,$6.99 ,$6.99 ,"12x355.0 ml, $0.16/100ml",Soft Drinks,0307569003_C12
Classic 500 ml Bottle,$2.49 ,$2.49 ,"500 ml, $0.50/100ml",Soft Drinks,/p/20827293_EA
Classic,$4.29 ,$4.29 ,"6x222.0 ml, $0.32/100ml",Soft Drinks,0354288002_C06
"Ginger Ale, 6 Pack",$5.29 ,$5.29 ,"6x710.0 ml, $0.12/100ml",Soft Drinks,0304419001_C06
Diet Root Beer    ,$6.99 ,$6.99 ,"12x355.0 ml, $0.16/100ml",Soft Drinks,0316407002_C12
Cola,$1.39 ,$1.39 ,"2 l, $0.07/100ml",Soft Drinks,20311645003_EA
Zero      ,$12.49 ,$12.49 ,"24x355.0 ml, $0.15/100ml",Soft Drinks,0308197006_C24
Diet Coke  ,$5.29 ,$5.29 ,"6x710.0 ml, $0.12/100ml",Soft Drinks,0313741003_C06
Diet Ginger Ale,$4.99 ,$4.99 ,"12x355.0 ml, $0.12/100ml",Soft Drinks,0218887038_C12
Soda      ,$2.49 ,$2.49 ,"2 l, $0.12/100ml",Soft Drinks,20307968001_EA
Diet Spritz-Up Lemon-Lime Soda,$1.39 ,$1.39 ,"2 l, $0.07/100ml",Soft Drinks,20311645016_EA
Zero Soda,$6.79 ,$6.79 ,"12x355.0 ml, $0.16/100ml",Soft Drinks,0325377002_C12
Diet Cola,$1.39 ,$1.39 ,"2 l, $0.07/100ml",Soft Drinks,20311645002_EA
Spritz Up Lemon-Lime Soda,$1.39 ,$1.39 ,"2 l, $0.07/100ml",Soft Drinks,20311645015_EA
Soda Mini,$3.99 ,$3.99 ,"6x222.0 ml, $0.30/100ml",Soft Drinks,0857560002_C06
Limited Edition Diet Cranberry Ginger Ale,$6.99 ,$6.99 ,"12x355.0 ml, $0.16/100ml",Soft Drinks,p/21203621_C12
Diet Ginger Ale,$1.39 ,$1.39 ,"2 l, $0.07/100ml",Soft Drinks,20311645007_EA
"Diet , Bottle",$2.69 ,$2.69 ,"2 l, $0.13/100ml",Soft Drinks,20316026001_EA
Glass Bottle,$6.99 ,$6.99 ,"4x355.0 ml, $0.49/100ml",Soft Drinks,p/21185429_C04
Cola Soft Drink,$1.79 ,$1.79 ,"1 l, $0.18/100ml",Soft Drinks,20040201001_EA
Water Melon Watermelon Hibiscus Soda,$1.49 ,$1.49 ,"250 ml, $0.60/100ml",Soft Drinks,/p/21455400_EA
Glass Bottle,$6.99 ,$6.99 ,"4x355.0 ml, $0.49/100ml",Soft Drinks,p/21185429_C04
Orange Cream Soda,$5.99 ,$5.99 ,"4x355.0 ml, $0.42/100ml",Soft Drinks,/p/21424795_EA
Tonic Water,$4.99 ,$4.99 ,"12x355.0 ml, $0.12/100ml",Soft Drinks,0218887030_C12
Bottle   ,$6.29 ,$6.29 ,"8x300.0 ml, $0.26/100ml",Soft Drinks,p/21181174_C08
Cool Iced Tea,$6.99 ,$6.99 ,"12x355.0 ml, $0.16/100ml",Soft Drinks,0324365001_C12
Zero Sugar Soda    ,$12.49 ,$12.49 ,"24x355.0 ml, $3.52/100ml",Soft Drinks,p/21349091_C24
Orange Soda,$1.39 ,$1.39 ,"2 l, $0.07/100ml",Soft Drinks,20311645008_EA
Ginger Ale,$2.99 ,$2.99 ,"6x222.0 ml, $0.22/100ml",Soft Drinks,p/21087279_C06
Cola,$4.99 ,$4.99 ,"12x355.0 ml, $0.12/100ml",Soft Drinks,0218887027_C12
Soda,$6.79 ,$6.79 ,"12x355.0 ml, $0.16/100ml",Soft Drinks,p/20571840_C12
Zero      ,$6.99 ,$6.99 ,"12x355.0 ml, $0.16/100ml",Soft Drinks,p/20713862_C12
Diet Soda Caffeine Free,$2.49 ,$2.49 ,"2 l, $0.12/100ml",Soft Drinks,20296926005_EA
Cream Soda,$1.39 ,$1.39 ,"2 l, $0.07/100ml",Soft Drinks,20311645020_EA
Diet Soda,$1.79 ,$1.79 ,"1 l, $0.18/100ml",Soft Drinks,20040201002_EA
"Zero, Bottle 2L",$2.69 ,$2.69 ,"2 l, $0.13/100ml",Soft Drinks,/p/20713788_EA
Zero Sugar Soda    ,$6.79 ,$6.79 ,"12x355.0 ml, $0.16/100ml",Soft Drinks,0322361001_C12
Soda,$2.49 ,$2.49 ,"2 l, $0.12/100ml",Soft Drinks,20056206001_EA
Zero      ,$4.29 ,$4.29 ,"6x222.0 ml, $0.32/100ml",Soft Drinks,0354288001_C06
Zero,$1.79 ,$1.79 ,"1 l, $0.18/100ml",Soft Drinks,/p/21507641_EA
Lemon & Ginger Sicilian Soda,$4.79 ,$4.79 ,"4x200.0 ml, $0.60/100ml",Soft Drinks,p/21338506_C04
Diet Grapefruit Sparkling Soda,$4.99 ,$4.99 ,"12x355.0 ml, $0.12/100ml",Soft Drinks,0152117030_C12
Orange Bottle,$2.69 ,$2.69 ,"2 l, $0.13/100ml",Soft Drinks,/p/21518414_EA
Diet Root Beer,$2.69 ,$2.69 ,"2 l, $0.13/100ml",Soft Drinks,20305840001_EA
"Ginger Ale, Bottle",$2.49 ,$2.49 ,"500 ml, $0.50/100ml",Soft Drinks,/p/20828514_EA
Low Sodium & Caffeine-Free Diet Cola,$1.39 ,$1.39 ,"2 l, $0.07/100ml",Soft Drinks,20311645009_EA
Cube Soda     ,$12.49 ,$12.49 ,"24x355.0 ml, $0.15/100ml",Soft Drinks,p/20811076_C24
"Island Soda, Cream Soda",$1.19 ,$1.49 ,"355 ml, $0.34/100ml",Soft Drinks,20299652004_EA
Spicy Ginger Beer,$1.49 ,$1.49 ,"250 ml, $0.60/100ml",Soft Drinks,/p/21374081_EA
Sleek Soda     ,$7.49 ,$7.49 ,"15x222.0 ml, $0.22/100ml",Soft Drinks,p/21020441_C15
Milkis Carbonated Drink Refreshing Milk & Yogurt Flavor Original,$5.49 ,$5.49 ,"6x250.0 ml, $2.20/100ml",Soft Drinks,p/21417324_C06
Cube Soda,$12.49 ,$12.49 ,"24x355.0 ml, $0.15/100ml",Soft Drinks,0313270001_C24
Soda,$5.49 ,$5.49 ,"6x710.0 ml, $0.13/100ml",Soft Drinks,p/20569046_C06
Cream Soda,$5.99 ,$5.99 ,"4x355.0 ml, $0.42/100ml",Soft Drinks,/p/21424823_EA
Grapefruit Soda,$5.99 ,$5.99 ,"4x355.0 ml, $0.42/100ml",Soft Drinks,/p/21430548_EA
Blueberry,$1.99 ,$2.49 ,"200 ml, $1.00/100ml",Soft Drinks,20666497004_EA
Move,$6.29 ,$6.29 ,"8x300.0 ml, $0.26/100ml",Soft Drinks,p/21520331_C08
Sicilian Tonic Water,$4.79 ,$4.79 ,"4x200.0 ml, $0.60/100ml",Soft Drinks,p/21356451_C04
Zero Sugar,$6.79 ,$6.79 ,"12x355.0 ml, $0.16/100ml",Soft Drinks,p/21240995_C12
Zero Sugar    ,$6.29 ,$6.29 ,"8x300.0 ml, $0.26/100ml",Soft Drinks,p/21181175_C08
Diet Coke  ,$6.29 ,$6.29 ,"8x300.0 ml, $0.26/100ml",Soft Drinks,p/21181171_C08
Club Soda Mandarin Orange  ,$6.99 ,$6.99 ,"12x355.0 ml, $0.16/100ml",Soft Drinks,p/21020312_C12
Zero Sugar ,$3.99 ,$3.99 ,"6x222.0 ml, $0.30/100ml",Soft Drinks,p/21189960_C06
"Pineapple Fridgepack Cans, 12 Pack",$6.99 ,$6.99 ,"12x355.0 ml, $0.16/100ml",Soft Drinks,p/21437106_C12
Bottle,$2.69 ,$2.69 ,"2 l, $0.13/100ml",Soft Drinks,20313027001_EA
Zero Soda,$2.49 ,$2.49 ,"2 l, $0.12/100ml",Soft Drinks,20307968002_EA
Cream Soda,$4.99 ,$4.99 ,"12x355.0 ml, $0.12/100ml",Soft Drinks,p/20970837_C12
Soda,$6.79 ,$6.79 ,"12x355.0 ml, $0.16/100ml",Soft Drinks,0298422001_C12
Soda,$2.49 ,$2.49 ,"2 l, $0.12/100ml",Soft Drinks,20312312001_EA
Ginger Ale Zero Sugar,$4.29 ,$4.29 ,"6x222.0 ml, $0.32/100ml",Soft Drinks,p/21531838_C06
Wild Cherry Soda    ,$6.79 ,$6.79 ,"12x355.0 ml, $0.16/100ml",Soft Drinks,0322361009_C12
Root Beer Soda,$2.49 ,$2.49 ,"2 l, $0.12/100ml",Soft Drinks,20324137001_EA
Tonic Water ,$6.99 ,$6.99 ,"12x355.0 ml, $0.16/100ml",Soft Drinks,0307569007_C12
"Cool Lemon Tea, Bottle",$2.69 ,$2.69 ,"2 l, $0.13/100ml",Soft Drinks,20297702001_EA
Tonic Water ,$4.29 ,$4.29 ,"6x222.0 ml, $0.32/100ml",Soft Drinks,p/21065068_C06
"Root Beer Soda, Pack of 12",$6.79 ,$6.79 ,"12x355.0 ml, $0.16/100ml",Soft Drinks,0326170001_C12
Premium Ginger Ale,$7.29 ,$7.29 ,"4x237.0 ml, $0.77/100ml",Soft Drinks,p/21299630_C04
Club Soda ,$4.29 ,$4.29 ,"6x222.0 ml, $0.32/100ml",Soft Drinks,p/21064492_C06
Spritz Up,$4.99 ,$4.99 ,"12x355.0 ml, $0.12/100ml",Soft Drinks,0218887035_C12
Club Soda ,$6.99 ,$6.99 ,"12x355.0 ml, $0.16/100ml",Soft Drinks,0307569006_C12
Diet Ginger Ale 6 Cans,$2.99 ,$2.99 ,"6x222.0 ml, $0.22/100ml",Soft Drinks,p/21093763_C06
Diet Tonic Water,$1.39 ,$1.39 ,"2 l, $0.07/100ml",Soft Drinks,20311645014_EA
Soda ,$5.29 ,$5.29 ,"6x710.0 ml, $0.12/100ml",Soft Drinks,0115107001_C06
Cherry Flavoured Cola ,$6.99 ,$6.99 ,"12x355.0 ml, $0.16/100ml",Soft Drinks,p/21392782_C12
Diet Ginger Ale,$2.69 ,$2.69 ,"2 l, $0.13/100ml",Soft Drinks,20311362002_EA
Diet Coke Caffeine Free,$6.99 ,$6.99 ,"12x355.0 ml, $0.16/100ml",Soft Drinks,0318694004_C12
Zero Sugar,$1.69 ,$1.69 ,"1 l, $0.17/100ml",Soft Drinks,/p/20659785_EA
"ZERO Sugar Ginger Ale, 12-Pack",$6.99 ,$6.99 ,"12x355.0 ml, $0.16/100ml",Soft Drinks,p/21518539_C12
Bottle     ,$6.29 ,$6.29 ,"8x300.0 ml, $0.26/100ml",Soft Drinks,p/21181173_C08
Crush Orange Soda ,$6.79 ,$6.79 ,"12x355.0 ml, $0.16/100ml",Soft Drinks,0307938001_C12
Diet Soda Caffeine Free,$6.79 ,$6.79 ,"12x355.0 ml, $0.16/100ml",Soft Drinks,0322361006_C12
"Zero Wild Cherry, 12-Pack",$6.79 ,$6.79 ,"12x355.0 ml, $0.16/100ml",Soft Drinks,p/21523222_C12
Assorted Flavour Cane Sugar Craft Soda 12 Pack,$16.49 ,$16.49 ,"12x355.0 ml, $0.39/100ml",Soft Drinks,0317424002_C12
Diet Soda,$3.99 ,$3.99 ,"6x222.0 ml, $0.30/100ml",Soft Drinks,0857560006_C06
Diet Sleek Soda,$7.49 ,$7.49 ,"15x222.0 ml, $0.22/100ml",Soft Drinks,p/21020295_C15
Naturally Flavoured Grape Soda,$1.39 ,$1.39 ,"2 l, $0.07/100ml",Soft Drinks,20311645018_EA
Lemon Lime Club Soda  ,$6.99 ,$6.99 ,"12x355.0 ml, $0.16/100ml",Soft Drinks,p/20884864_C12
Diet Pepsi,$5.99 ,$5.99 ,"8x355.0 ml, $1.69/100ml",Soft Drinks,p/21362412_C08
"Kola, Champagne",$1.19 ,$1.49 ,"355 ml, $0.34/100ml",Soft Drinks,20299652003_EA
Black Cherry Cola,$5.99 ,$5.99 ,"4x355.0 ml, $0.42/100ml",Soft Drinks,/p/21424720_EA
Spicy Pineapple Soda ,$1.49 ,$1.49 ,"250 ml, $0.60/100ml",Soft Drinks,/p/21374079_EA
Sparkling Lemonade 12 Cans,$4.99 ,$4.99 ,"12x355.0 ml, $0.12/100ml",Soft Drinks,0152117010_C12
"Island Soda, Pineapple",$1.19 ,$1.49 ,"355 ml, $0.34/100ml",Soft Drinks,20299652001_EA
Orange Soda     ,$3.99 ,$3.99 ,"6x222.0 ml, $0.30/100ml",Soft Drinks,0857560005_C06
Premium Ginger Beer,$7.29 ,$7.29 ,"4x237.0 ml, $0.77/100ml",Soft Drinks,p/21299648_C04
Root Beer  ,$7.29 ,$7.29 ,"4x355.0 ml, $0.51/100ml",Soft Drinks,p/21176191_C04
"Jamaican Style Ginger Beer, 6 Mini Cans",$2.99 ,$2.99 ,"6x222.0 ml, $0.22/100ml",Soft Drinks,p/21399519_C06
Sparkling Apple Drink,$3.29 ,$3.29 ,"1 l, $0.33/100ml",Soft Drinks,/p/21042148_EA
Orange Bottles,$6.29 ,$6.29 ,"8x300.0 ml, $0.26/100ml",Soft Drinks,p/21518445_C08
Bottle,$2.69 ,$2.69 ,"2 l, $0.13/100ml",Soft Drinks,20306914001_EA
"Zero Sugar Caffeine, 12 Pack ",$6.99 ,$6.99 ,"12x355.0 ml, $0.16/100ml",Soft Drinks,p/21368014_C12
Root Beer,$5.99 ,$5.99 ,"4x355.0 ml, $0.42/100ml",Soft Drinks,/p/21424724_EA
Soda ,$6.99 ,$6.99 ,"6x237.0 ml, $0.49/100ml",Soft Drinks,0048388001_C06
Ginger Beer,$5.99 ,$5.99 ,"4x355.0 ml, $0.42/100ml",Soft Drinks,/p/21424771_EA
Lemon Iced Tea    ,$6.79 ,$6.79 ,"12x355.0 ml, $0.16/100ml",Soft Drinks,0311671001_C12
Lemon Iced Tea    ,$6.79 ,$6.79 ,"12x355.0 ml, $0.16/100ml",Soft Drinks,0311671001_C12
Diet Cube Soda,$12.49 ,$12.49 ,"24x355.0 ml, $0.15/100ml",Soft Drinks,0306687004_C24
Diet Coke  ,$4.29 ,$4.29 ,"6x222.0 ml, $0.32/100ml",Soft Drinks,0354288003_C06
Peach Ginger Sparkling Soda  ,$4.99 ,$4.99 ,"12x355.0 ml, $0.12/100ml",Soft Drinks,0152117024_C12
Diet Bottle,$1.69 ,$1.69 ,"1 l, $0.17/100ml",Soft Drinks,/p/20783410_EA
Cola,$2.99 ,$2.99 ,"222 ml, $0.22/100ml",Soft Drinks,p/21361951_C06
Club Soda,$2.69 ,$2.69 ,"2 l, $0.13/100ml",Soft Drinks,20311362003_EA
Cranberry Ginger Ale,$4.99 ,$4.99 ,"12x355.0 ml, $0.12/100ml",Soft Drinks,0218887001_C12
Diet Tonic Water,$4.99 ,$4.99 ,"12x355.0 ml, $0.12/100ml",Soft Drinks,p/21297356_C12
Low Sodium & Caffeine-Free Diet Cola,$4.99 ,$4.99 ,"12x355.0 ml, $0.12/100ml",Soft Drinks,0218887029_C12
Island Soda,$1.19 ,$1.29 ,"355 ml, $0.34/100ml",Soft Drinks,20299652005_EA
Zero Sugar Soda ,$5.99 ,$5.99 ,"8x355.0 ml, $0.21/100ml",Soft Drinks,p/21361864_C08
"Club Soda, Peach-Mango 12-Pack",$6.99 ,$6.99 ,"12x355.0 ml, $0.16/100ml",Soft Drinks,p/21537650_C12
Soda,$6.79 ,$6.79 ,"12x355.0 ml, $0.16/100ml",Soft Drinks,0325377001_C12
"Ginger Ale, Bottle",$1.69 ,$1.69 ,"1 l, $0.17/100ml",Soft Drinks,20299076002_EA
Club Soda Triple Berry,$6.99 ,$6.99 ,"12x355.0 ml, $0.16/100ml",Soft Drinks,p/21433209_C12
Ginger Ale Zero Sugar,$2.69 ,$2.69 ,"2 l, $0.13/100ml",Soft Drinks,/p/21518408_EA
Instant Honey Ginger Drink,$4.39 ,$4.39 ,"360 g, $1.22/100g",Soft Drinks,/p/20652500_EA
Grape Soda ,$6.79 ,$6.79 ,"12x355.0 ml, $0.16/100ml",Soft Drinks,0307938002_C12
Root Beer  ,$7.29 ,$7.29 ,"4x341.0 ml, $0.53/100ml",Soft Drinks,p/21050611_C04
Zero Sugar Move,$6.29 ,$6.29 ,"8x300.0 ml, $0.26/100ml",Soft Drinks,p/21520486_C08
Mexican Coca-Cola  ,$6.99 ,$6.99 ,"4x355.0 ml, $0.49/100ml",Soft Drinks,p/21185224_C04
Soda  ,$5.99 ,$5.99 ,"8x355.0 ml, $0.21/100ml",Soft Drinks,p/21362875_C08
Soda Mini,$7.49 ,$7.49 ,"15x222.0 ml, $0.22/100ml",Soft Drinks,p/21166188_C15
Limited Edition Cranberry Ginger Ale (Case),$4.29 ,$4.29 ,"6x222.0 ml, $0.32/100ml",Soft Drinks,p/21062428_C06
Tray Variety Pack Soda ,$12.49 ,$12.49 ,"24x355.0 ml, $0.15/100ml",Soft Drinks,p/20375155_C24
Max Zero Sugar Soda    ,$2.49 ,$2.49 ,"2 l, $0.12/100ml",Soft Drinks,20296926004_EA
Original,$1.99 ,$2.49 ,"200 ml, $1.00/100ml",Soft Drinks,20666497001_EA
Milkis,$4.99 ,$4.99 ,"1.5 l, $0.33/100ml",Soft Drinks,/p/21092290_EA
Soft Drink Lemon Lime,$1.79 ,$1.79 ,"1 l, $0.18/100ml",Soft Drinks,20310220001_EA
Malt Beverage,$1.29 ,$1.29 ,"341 ml, $0.38/100ml",Soft Drinks,/p/20039327_EA
Soda Sugar-Free Natural Grapefruit Flavour,$4.29 ,$4.29 ,"6x222.0 ml, $0.32/100ml",Soft Drinks,p/21022955_C06
Cranberry Ginger Ale,$1.39 ,$1.39 ,"2 l, $0.07/100ml",Soft Drinks,20311645028_EA
Tonic Water,$1.39 ,$1.39 ,"2 l, $0.07/100ml",Soft Drinks,20311645006_EA
Diet Tonic Water ,$2.99 ,$2.99 ,"6x222.0 ml, $0.22/100ml",Soft Drinks,p/21094148_C06
Orange Soda,$2.49 ,$2.49 ,"2 l, $0.12/100ml",Soft Drinks,20306117002_EA
Diet Cola,$4.99 ,$4.99 ,"12x355.0 ml, $0.12/100ml",Soft Drinks,0218887028_C12
Tonic Water,$2.99 ,$2.99 ,"6x222.0 ml, $0.22/100ml",Soft Drinks,p/21094861_C06
Old-Fashioned Style Root Beer Soda,$1.39 ,$1.39 ,"2 l, $0.07/100ml",Soft Drinks,20311645017_EA
Soda ,$4.29 ,$4.29 ,"6x222.0 ml, $0.32/100ml",Soft Drinks,0354164001_C06
"Caffeine Free, Bottle",$2.69 ,$2.69 ,"2 l, $0.13/100ml",Soft Drinks,20316026003_EA
Jamaican-Style Ginger Beer,$1.39 ,$1.39 ,"2 l, $0.07/100ml",Soft Drinks,20311645010_EA
"Zero Sugar, Bottle",$2.49 ,$2.49 ,"500 ml, $0.50/100ml",Soft Drinks,/p/20827604_EA
Bottle,$2.49 ,$2.49 ,"500 ml, $0.50/100ml",Soft Drinks,/p/20827426_EA
"Diet, Bottle",$2.49 ,$2.49 ,"500 ml, $0.50/100ml",Soft Drinks,/p/20827666_EA
Limited Edition Cranberry Ginger Ale,$2.49 ,$2.49 ,"500 ml, $0.50/100ml",Soft Drinks,/p/20994463_EA
Strawberry,$1.99 ,$2.49 ,"200 ml, $1.00/100ml",Soft Drinks,20666497002_EA
Low Sodium Club Soda,$2.99 ,$2.99 ,"6x222.0 ml, $0.22/100ml",Soft Drinks,p/21094147_C06
Zero Sugar,$2.49 ,$2.49 ,"2 l, $0.12/100ml",Soft Drinks,/p/21519486_EA
Classic Malt Beverage,$1.49 ,$1.79 ,"330 ml, $0.45/100ml",Soft Drinks,/p/20139955_EA
Cream Soda ,$6.79 ,$6.79 ,"12x355.0 ml, $0.16/100ml",Soft Drinks,0307938003_C12
Peanut Punch,$0.99 ,$1.39 ,"240 ml, $0.41/100ml",Soft Drinks,/p/20213313_EA
Cream Soda,$2.49 ,$2.49 ,"2 l, $0.12/100ml",Soft Drinks,20306117001_EA
Soda,$5.99 ,$5.99 ,"8x355.0 ml, $1.69/100ml",Soft Drinks,p/21362410_C08
Strawberry,$1.99 ,$2.49 ,"200 ml, $1.00/100ml",Soft Drinks,20666497002_EA
Bottle,$1.69 ,$1.69 ,"1 l, $0.17/100ml",Soft Drinks,20306007001_EA
Diet Lemonade Sparkling Soda  ,$4.99 ,$4.99 ,"12x355.0 ml, $0.12/100ml",Soft Drinks,0152117011_C12
"Ginger Ale, 8 Pack Bottles",$6.29 ,$6.29 ,"8x300.0 ml, $0.26/100ml",Soft Drinks,p/21181176_C08
Orange Fridge Pack Cans,$6.99 ,$6.99 ,"12x355.0 ml, $0.16/100ml",Soft Drinks,p/21518427_C12
Green Apple,$1.99 ,$2.49 ,"200 ml, $1.00/100ml",Soft Drinks,20666497003_EA
Zero Sugar Caffeine Mini Packs,$4.29 ,$4.29 ,"6x222.0 ml, $0.32/100ml",Soft Drinks,p/21384413_C06
Diet Spritz-Up Naturally Flavoured Calorie-Free Sugar-Free Lemon-Lime Soda,$4.99 ,$4.99 ,"12x355.0 ml, $0.12/100ml",Soft Drinks,0218887034_C12
Old-Fashioned Style Root Beer Soda,$4.99 ,$4.99 ,"12x355.0 ml, $0.12/100ml",Soft Drinks,0218887036_C12
Ginger Ale,$4.99 ,$4.99 ,"12x355.0 ml, $0.12/100ml",Soft Drinks,0690671002_C12
Low Sodium Club Soda,$2.99 ,$2.99 ,"6x222.0 ml, $0.22/100ml",Soft Drinks,p/21094147_C06
Root Beer,$2.69 ,$2.69 ,"2 l, $0.13/100ml",Soft Drinks,20305840002_EA
"Zero Sugar Cherry, 12 pack",$6.99 ,$6.99 ,"12x355.0 ml, $0.16/100ml",Soft Drinks,p/21021564_C12
Watermelon Lemon Sparkling Soda ,$4.99 ,$4.99 ,"12x355.0 ml, $0.12/100ml",Soft Drinks,0152117031_C12
Max Zero Sugar Soda    ,$5.29 ,$5.29 ,"6x710.0 ml, $0.12/100ml",Soft Drinks,0310546005_C06
Bottle,$1.69 ,$1.69 ,"1 l, $0.17/100ml",Soft Drinks,/p/20299050_EA
Soda      ,$5.29 ,$5.29 ,"6x710.0 ml, $0.12/100ml",Soft Drinks,0310937002_C06
Naturally Flavoured Sparkling Beverage Orange,$4.29 ,$4.29 ,"6x222.0 ml, $0.32/100ml",Soft Drinks,p/21534527_C06
Root Beer ,$6.99 ,$6.99 ,"12x355.0 ml, $0.16/100ml",Soft Drinks,0299808001_C12
Ginger Ale Zero Sugar,$2.49 ,$2.49 ,"500 ml, $0.50/100ml",Soft Drinks,/p/21518584_EA
Natural Spring Water,$3.29 ,$3.29 ,"24x500.0 ml, $0.03/100ml",Water,p/20154975_C24
Purelife Natural Spring Water,$4.49 ,$4.49 ,"24x500.0 ml, $0.04/100ml",Water,p/20060696_C24
"Lime Sparkling Water, 12-Pack",$4.79 ,$4.79 ,"12x355.0 ml, $0.11/100ml",Water,0668034002_C01
Natural Spring Water,$2.19 ,$2.19 ,"4 l, $0.05/100ml",Water,/p/21185641_EA
"Lime Sparkling Water Beverage, 12 Pack ",$6.47 ,$6.47 ,"12x355.0 ml, $0.15/100ml",Water,p/21097177_C12
Raspberry,$6.47 ,$6.47 ,"12x355.0 ml, $0.15/100ml",Water,p/21508926_C12
"Lemon Sparkling Water, 12-Pack",$4.79 ,$4.79 ,"12x355.0 ml, $0.11/100ml",Water,0668034001_C01
Calamansi Citrus and Strawberry Sparkling Water,$4.79 ,$4.79 ,"12x355.0 ml, $0.11/100ml",Water,p/21518575_C01
Blueberry Pomegranate Sparkling Water ,$4.79 ,$4.79 ,"12x355.0 ml, $0.11/100ml",Water,0668034004_C01
Blackberry Sparkling Water ,$6.47 ,$6.47 ,"12x355.0 ml, $0.15/100ml",Water,p/21243603_C12
Pink Grapefruit Sparkling Water ,$4.79 ,$4.79 ,"12x355.0 ml, $0.11/100ml",Water,0668034005_C01
Mandarin Orange Sparkling Water With Natural Flavour (Case),$4.79 ,$4.79 ,"12x355.0 ml, $0.11/100ml",Water,0668034003_C01
Pineapple Sparkling Water ,$6.47 ,$6.47 ,"12x355.0 ml, $0.15/100ml",Water,p/21356954_C12
Peach Sparkling Water ,$6.47 ,$6.47 ,"12x355.0 ml, $0.15/100ml",Water,p/21356947_C12
Sparkling Water Cherry ,$6.47 ,$6.47 ,"12x355.0 ml, $0.15/100ml",Water,p/21174519_C12
Black Raspberry Sparkling Water,$1.29 ,$1.29 ,"503 ml, $0.26/100ml",Water,20885450001_EA
Orange Mango Sparkling Water,$1.29 ,$1.29 ,"503 ml, $0.26/100ml",Water,/p/20885443_EA
Grapefruit Bubly ,$6.47 ,$6.47 ,"12x355.0 ml, $0.15/100ml",Water,p/21097158_C12
Distilled Water,$1.49 ,$1.49 ,"4 l, $0.04/100ml",Water,20313061001_EA
Free & Clear Black Cherry Sparkling Water ,$1.00 ,$1.00 ,"1 l, $0.10/100ml",Water,20162061003_EA
Kiwi Strawberry Sparkling Water,$1.29 ,$1.29 ,"503 ml, $0.26/100ml",Water,20885450003_EA
Free & Clear Golden Peach Sparkling Water ,$1.00 ,$1.00 ,"1 l, $0.10/100ml",Water,20162061002_EA
Lime Sparkling Water,$1.00 ,$1.00 ,"1 l, $0.10/100ml",Water,20320832004_EA
Free & Clear Tangerine-Lime Sparkling Water ,$1.00 ,$1.00 ,"1 l, $0.10/100ml",Water,20162061007_EA
Coconut Pineapple Sparkling Water,$1.29 ,$1.29 ,"503 ml, $0.26/100ml",Water,/p/20941051_EA
Sparkling Water (Case),$4.79 ,$4.79 ,"12x355.0 ml, $0.11/100ml",Water,p/21194356_C01
Orange Bubly ,$6.47 ,$6.47 ,"12x355.0 ml, $0.15/100ml",Water,p/21097171_C12
Cherry Limeade Sparkling Water,$1.29 ,$1.29 ,"503 ml, $0.26/100ml",Water,/p/20941016_EA
Lemon Sparkling Water,$1.00 ,$1.00 ,"1 l, $0.10/100ml",Water,20320832003_EA
Watermelon Sparkling Water,$4.79 ,$4.79 ,"12x355.0 ml, $0.11/100ml",Water,p/21194368_C01
Orange Cream Soda Flavour Sparkling Water,$4.79 ,$4.79 ,"12x355.0 ml, $0.11/100ml",Water,p/21518573_C01
Limited Edition Watermelon,$6.47 ,$6.47 ,"12x355.0 ml, $0.15/100ml",Water,p/21459527_C12
Natural Spring Water,$0.99 ,$0.99 ,"1.5 l, $0.07/100ml",Water,/p/20076312_EA
Free & Clear Key Lime Sparkling Water ,$1.00 ,$1.00 ,"1 l, $0.10/100ml",Water,20162061004_EA
Lemon Lime Sparkling Water,$1.29 ,$1.29 ,"503 ml, $0.26/100ml",Water,20885450002_EA
Peach Mango Sparkling Flavoured Water,$1.00 ,$1.00 ,"1 l, $0.10/100ml",Water,/p/21371170_EA
Cream Soda Flavour Sparkling Water,$4.79 ,$4.79 ,"12x355.0 ml, $0.11/100ml",Water,p/21305940_C01
Root Beer Flavour Sparkling Water,$4.79 ,$4.79 ,"12x355.0 ml, $0.11/100ml",Water,p/21306197_C01
Ginger Ale Flavour Sparkling Water,$4.79 ,$4.79 ,"12x355.0 ml, $0.11/100ml",Water,p/21306051_C01
Classic Lemonade Sparkling Water,$1.29 ,$1.29 ,"503 ml, $0.26/100ml",Water,/p/21087449_EA
Pink Grapefruit Sparkling Water,$1.29 ,$1.29 ,"503 ml, $0.26/100ml",Water,/p/21087450_EA
Strawberry Bubly ,$6.47 ,$6.47 ,"12x355.0 ml, $0.15/100ml",Water,p/21097174_C12
Carbonated Natural Spring Water,$0.99 ,$1.39 ,"1 l, $0.10/100ml",Water,/p/20662284_EA
Natural Sparkling Water ,$1.00 ,$1.00 ,"1 l, $0.10/100ml",Water,20320832002_EA
Blueberry Pomegranate ,$5.99 ,$5.99 ,"12x355.0 ml, $0.14/100ml",Water,p/21240762_C12
Watermelon Sparkling Water ,$1.00 ,$1.00 ,"1 l, $0.10/100ml",Water,/p/20998285_EA
Arto Life Water,$2.79 ,$2.79 ,"1 l, $0.28/100ml",Water,/p/21032897_EA
Sparkling Water Beverage Naturally Black Razzberry Essenced,$6.29 ,$6.29 ,"8x355.0 ml, $0.22/100ml",Water,p/21461591_C08
Arto Life Water,$2.79 ,$2.79 ,"1 l, $0.28/100ml",Water,/p/21032897_EA
Sparkling Water Beverage Naturally Black Razzberry Essenced,$6.29 ,$6.29 ,"8x355.0 ml, $0.22/100ml",Water,p/21461591_C08
Vanilla Cherry Soda Flavour Sparkling Water,$4.79 ,$4.79 ,"12x355.0 ml, $0.11/100ml",Water,p/21306049_C01
Cranberry Ginger Ale Flavour Sparkling Water 12 Pack,$4.79 ,$4.79 ,"12x355.0 ml, $0.11/100ml",Water,p/21518579_C01
Blood Orange Carbonated Natural Spring Water,$6.99 ,$6.99 ,"6x1.0 l, $0.12/100ml",Water,p/21434314_C06
"Water, Mega-C  Nutrient Enhanced , Bottle ",$2.39 ,$2.39 ,"591 ml, $0.40/100ml",Water,/p/20303870_EA
"Water with Sports Cap, Bottle",$2.79 ,$2.79 ,"700 ml, $0.40/100ml",Water,/p/21103747_EA
Sparkling Cranberry Mango Beverage,$7.49 ,$7.49 ,"6x340.0 ml, $0.37/100ml",Water,p/21474382_C06
Organic 100% Maple Water,$4.49 ,$4.49 ,"1 l, $0.45/100ml",Water,/p/21093817_EA
"Kiwi Strawberry Enhanced Water with Gatorade Electrolytes, 6 Pack",$5.99 ,$5.99 ,"6x500.0 ml, $0.20/100ml",Water,p/21367830_C06
Sparkling Lite Cranberry,$7.49 ,$7.49 ,"6x340.0 ml, $0.37/100ml",Water,p/21474383_C06
Mandarin Orange Sparkling Water,$1.00 ,$1.00 ,"1 l, $0.10/100ml",Water,/p/20714946_EA
Grapefruit Water,$6.29 ,$6.29 ,"8x355.0 ml, $0.22/100ml",Water,p/21301290_C08
"Water, Bottle",$2.99 ,$2.99 ,"1 l, $0.30/100ml",Water,/p/20154181_EA
"Alkaline with Antioxidant Bottle, 6 Pack",$13.49 ,$13.49 ,"6x1.0 l, $0.22/100ml",Water,p/21520460_C06
Lime Carbonated Natural Spring Water,$1.49 ,$1.49 ,"1 l, $0.15/100ml",Water,/p/21434315_EA
Fortified Oat Beverage Original,$2.99 ,$2.99 ,"946 ml, $0.32/100ml",Water,/p/21435998_EA
Ice River Natural Spring Water,$4.79 ,$4.79 ,"15 l, $0.03/100ml",Water,/p/21204887_EA
Raspberry Mist Naturally Fruit-Flavoured Water Beverage,$3.49 ,$3.49 ,"6x500.0 ml, $0.12/100ml",Water,0302565003_C06
"Sparkling Natural Mineral Water, Tangerine & Wild Strawberry",$10.49 ,$10.49 ,"8x330.0 ml, $0.40/100ml",Water,p/21156389_C08
"Multi-V Nutrient Enhanced Water, Bottle",$2.39 ,$2.39 ,"591 ml, $0.40/100ml",Water,20333194004_EA
Purelife 0 Calories,$1.49 ,$1.49 ,"1.5 l, $0.10/100ml",Water,/p/20703564_EA
Citrus Twist Sparkling Water,$2.19 ,$2.19 ,"473 ml, $0.46/100ml",Water,/p/21435673_EA
"Carbonated Natural Spring Water, Lime",$8.49 ,$8.49 ,"6x0.5 l, $0.28/100ml",Water,p/21508965_C06
Strawberry Mist Naturally Fruit-Flavoured Water Beverage,$3.49 ,$3.49 ,"6x500.0 ml, $0.12/100ml",Water,0302565002_C06
"Antioxidant Infusion, Zamba Bing Cherry",$2.99 ,$2.99 ,"530 ml, $0.56/100ml",Water,/p/21517323_EA
Sparkling Cranberry Beverage Pink Cranberry,$7.49 ,$7.49 ,"6x340.0 ml, $0.37/100ml",Water,p/21474381_C06
Original Sparkling Natural Mineral Water,$10.49 ,$10.49 ,"8x330.0 ml, $0.40/100ml",Water,p/21156390_C08
"Sparkling Water, Cola Flavoured, 12 Pack",$4.79 ,$4.79 ,"12x355.0 ml, $1.35/100ml",Water,p/21523674_C01
Blue Raspberry Sparkling Water,$2.19 ,$2.19 ,"473 ml, $0.46/100ml",Water,/p/21435669_EA
Active Strawberry Enhanced Water Beverage,$1.99 ,$1.99 ,"1 l, $0.20/100ml",Water,/p/21433569_EA
Pink Grapefruit Sparkling Water,$1.00 ,$1.00 ,"1 l, $0.10/100ml",Water,20320832006_EA
water ,$5.99 ,$5.99 ,"12x500.0 ml, $0.10/100ml",Water,0135670001_C12
"Sparkling Natural Mineral Water, Lemon & Lemon Zest",$10.49 ,$10.49 ,"8x330.0 ml, $0.40/100ml",Water,p/21157578_C08
Pineapple Coconut Sparkling Water,$1.00 ,$1.00 ,"1 l, $0.10/100ml",Water,/p/21371175_EA
Peach Mist Naturally Fruit-Flavoured Water Beverage,$3.49 ,$3.49 ,"6x500.0 ml, $0.12/100ml",Water,0302565005_C06
Naturali Pompelmo Sparkling Grapefruit Beverage,$7.99 ,$7.99 ,"6x330.0 ml, $0.40/100ml",Water,p/21433207_C06
Support Raspberry Enhanced Water Beverage,$1.99 ,$1.99 ,"1 l, $0.20/100ml",Water,/p/21435863_EA
Orange Passion Fruit Sparkling Water,$2.19 ,$2.19 ,"473 ml, $0.46/100ml",Water,/p/21435668_EA
Lime Water,$6.29 ,$6.29 ,"355 ml, $1.77/100ml",Water,p/21301483_C08
"Sparkling Drinks, Blood Orange & Orange Blossom",$8.29 ,$8.29 ,"6x330.0 ml, $0.42/100ml",Water,p/21509114_C06
Purelife Sparkling Carbonated Spring Water,$0.99 ,$0.99 ,"1 l, $0.10/100ml",Water,20307836001_EA
Alkaline with Antioxidant,$2.99 ,$2.99 ,"1 l, $0.30/100ml",Water,/p/21520451_EA
Cranberry Raspberry     ,$6.29 ,$6.29 ,"8x355.0 ml, $0.22/100ml",Water,p/21300994_C08
"Water, Bottle",$2.29 ,$2.29 ,"591 ml, $0.39/100ml",Water,20013993001_EA
"Acai-Blueberry-Pomegranate Nutrient Enhanced Water, Bottle",$2.39 ,$2.39 ,"591 ml, $0.40/100ml",Water,20333194006_EA
"Blackberry Carbonated Natural Spring Water with Natural Flavour, No Calories, No Sweeteners, No Sodium, Can",$8.49 ,$8.49 ,"8x330.0 ml, $0.32/100ml",Water,p/21520628_C08
Support Peach Enhanced Water Beverage,$1.99 ,$1.99 ,"1 l, $0.20/100ml",Water,/p/21433568_EA
Free & Clear Berries Of The Woods Sparkling Water ,$1.00 ,$1.00 ,"1 l, $0.10/100ml",Water,20162061005_EA
Water,$2.79 ,$2.79 ,"700 ml, $0.40/100ml",Water,/p/21080984_EA
Pure Life Natural Spring Water ,$3.49 ,$3.49 ,"12x500.0 ml, $0.06/100ml",Water,p/20270075_C12
Water ,$8.99 ,$8.99 ,"24x500.0 ml, $0.07/100ml",Water,p/20060827_C24
Coconut Molokai,$2.99 ,$2.99 ,"530 ml, $0.56/100ml",Water,/p/21362966_EA
Water      ,$1.39 ,$1.39 ,"1 l, $0.14/100ml",Water,20142066001_EA
"Strawberry Carbonated Natural Spring Water with Natural Flavour, No Calories, No Sweeteners, No Sodium, Can",$8.49 ,$8.49 ,"8x330.0 ml, $0.32/100ml",Water,p/21509037_C08
Purelife Sparkling Water Lime Flavour ,$0.99 ,$0.99 ,"1 l, $0.10/100ml",Water,20307836003_EA
"Water, Low Calorie Beverage Ipanema Pomegranate",$2.99 ,$2.99 ,"530 ml, $0.56/100ml",Water,/p/21362953_EA
Carbonated Natural Mineral Water ,$8.49 ,$8.49 ,"6x500.0 ml, $0.28/100ml",Water,p/20664568_C06
"Fruit 2O Sparkling Water, Raspberry Lemon",$1.59 ,$1.59 ,"502 ml, $0.32/100ml",Water,/p/20883975_EA
"Antioxidant Infusion, Molokai Coconut, 6 Pack",$9.99 ,$13.99 ,"6x414.0 ml, $0.40/100ml",Water,p/21520632_C06
"Carbonated Natural Spring Water, 10 Pack",$6.47 ,$6.47 ,"10x355.0 ml, $0.18/100ml",Water,p/21096722_C10
Water,$5.79 ,$5.79 ,"6x710.0 ml, $0.14/100ml",Water,/p/20504575_EA
Green Bottle Water,$4.79 ,$4.79 ,"32x500.0 ml, $0.96/100ml",Water,p/21361952_C32
100% Pure Coconut Water,$4.79 ,$4.99 ,"1 l, $0.48/100ml",Water,/p/20332922_EA
Natural Spring Water,$2.49 ,$2.49 ,"1 l, $0.25/100ml",Water,/p/20159147_EA
Carbonated Water Lemon    ,$0.99 ,$1.39 ,"1 l, $0.10/100ml",Water,/p/20958264_EA
Lime Watermelon,$5.99 ,$5.99 ,"12x355.0 ml, $0.14/100ml",Water,p/21240794_C12
Raspberry Acai Sparkling Water,$5.99 ,$5.99 ,"12x355.0 ml, $0.14/100ml",Water,p/21435674_C12
Peach Honey Sparkling Water,$5.99 ,$5.99 ,"12x355.0 ml, $0.14/100ml",Water,p/21240797_C12
Sparkling Drink Lemon & Raspberry,$8.29 ,$8.29 ,"6x330.0 ml, $0.42/100ml",Water,p/21241013_C06
Naturali Aranciata Rossa Sparkling Orange & Blood Orange Beverage,$7.99 ,$7.99 ,"6x330.0 ml, $0.40/100ml",Water,p/21433206_C06
Chocolate  Organic Fortified Gluten-Free Oat Beverage,$3.29 ,$3.29 ,"946 ml, $0.35/100ml",Water,/p/21416317_EA
Unsweetened Vanilla Organic Fortified Gluten-Free Oat Beverage,$3.29 ,$3.29 ,"946 ml, $0.35/100ml",Water,/p/21416312_EA
Sparkling Lemon & Guava Beverage,$9.49 ,$9.49 ,"6x330.0 ml, $0.48/100ml",Water,p/21237881_C06
Peach Nectarine Sparkling Water,$1.29 ,$1.29 ,"503 ml, $0.26/100ml",Water,/p/21435670_EA
Demineralized Water - Initial Purchase ,$16.99 ,$16.99 ,"18.9 l, $0.09/100ml",Water,/p/21419293_EA
"Carbonated Water, Triple Berry",$0.99 ,$0.99 ,"1 l, $0.10/100ml",Water,/p/21093711_EA
Sparkling Lime Twist,$1.59 ,$1.59 ,"502 ml, $0.32/100ml",Water,/p/20945583_EA
Kula Watermelon Low Calorie Beverage,$2.99 ,$2.99 ,"530 ml, $0.56/100ml",Water,/p/21433571_EA
"Peach Carbonated Natural Spring Water with Natural Flavour, No Calories, No Sweeteners, No Sodium, Can",$8.49 ,$8.49 ,"8x330.0 ml, $0.32/100ml",Water,p/21509056_C08
Carbonated Natural Spring Water With Natural Lemon Flavour,$8.49 ,$8.49 ,"6x500.0 ml, $0.28/100ml",Water,0084633001_C06
Carbonated Natural Spring Water ,$28.99 ,$28.99 ,"24x500.0 ml, $0.24/100ml",Water,0190005001_C24
"Carbonated Natural Spring Water with Grapefruit Flavour, 10 Pack",$6.47 ,$6.47 ,"10x355.0 ml, $0.18/100ml",Water,p/21363111_C10
Sparkling Cherry Lime Twist,$1.59 ,$1.59 ,"502 ml, $0.32/100ml",Water,/p/20946663_EA
All Natural Coconut Water,$3.49 ,$3.49 ,"500 ml, $0.70/100ml",Water,/p/20777756_EA
Sparkling Cranberry Beverage,$7.49 ,$7.49 ,"6x340.0 ml, $0.37/100ml",Water,p/21474384_C06
"Sparkling Water, Lemon, 1L",$2.29 ,$2.29 ,"1 l, $0.23/100ml",Water,/p/21012447_EA
"Pink Grapefruit Carbonated Natural Spring Water with Natural Flavour, No Calories, No Sweeteners, No Sodium, Can",$8.49 ,$8.49 ,"8x330.0 ml, $0.32/100ml",Water,p/21515619_C08
"Water, Nutrient Enhanced  Beverage, Blueberry Strawberry",$2.39 ,$2.39 ,"591 ml, $0.40/100ml",Water,/p/21279927_EA
Organic 100% Coconut Water,$5.00 ,$5.00 ,"1 l, $0.50/100ml",Water,/p/21092373_EA
Coconut Water with Pineapple,$4.79 ,$4.99 ,"1 l, $0.48/100ml",Water,/p/20979882_EA
Pure Life Splash ,$9.49 ,$9.49 ,"24x500.0 ml, $0.08/100ml",Water,p/20983762_C24
Lemon Carbonated Natural Spring Water,$1.49 ,$1.49 ,"1 l, $0.15/100ml",Water,/p/21434316_EA
"Ginger Lime Carbonated Natural Spring Water with Natural Flavour, No Calories, No Sweeteners, No Sodium, Can",$8.49 ,$8.49 ,"8x330.0 ml, $0.32/100ml",Water,p/21509015_C08
Purelife Sparkling Water Lemon Flavour,$0.99 ,$0.99 ,"1 l, $0.10/100ml",Water,20307836002_EA
"Carbonated Water, Lime ",$6.47 ,$6.47 ,"10x355.0 ml, $0.18/100ml",Water,p/21096704_C10
Grapefruit Sparkling Water,$0.99 ,$1.39 ,"1 l, $0.10/100ml",Water,/p/21242819_EA
Pineapple Passion Fruit Sparkling Water,$5.99 ,$5.99 ,"12x355.0 ml, $0.14/100ml",Water,p/21438902_C12
"Grape Enhanced Water with Gatorade Electrolytes, 6 Pack",$5.99 ,$5.99 ,"6x500.0 ml, $0.17/100ml",Water,p/21367827_C06
"Sparkling Coconut Water, Watermelon",$2.49 ,$2.49 ,"330 ml, $0.75/100ml",Water,/p/21014414_EA
"Carbonated Water, Lemon ",$6.47 ,$6.47 ,"10x355.0 ml, $0.18/100ml",Water,p/21096709_C10
Carbonated Spring Water Lemon-Lime Flavour,$1.79 ,$1.79 ,"2 l, $0.09/100ml",Water,20173165001_EA
Sparkling Drink Pomegranate & Blackcurrant,$8.29 ,$8.29 ,"6x330.0 ml, $0.42/100ml",Water,p/21241147_C06
Sparkling Water Beverage Naturally Limoncello Essenced,$6.29 ,$6.29 ,"8x355.0 ml, $0.22/100ml",Water,p/21392631_C08
Purelife Natural Spring Water ,$3.29 ,$3.29 ,"12x330.0 ml, $0.08/100ml",Water,p/21025394_C12
Natural Artesian Water,$2.99 ,$2.99 ,"1.5 l, $0.20/100ml",Water,/p/20122176_EA
Carbonated Natural Spring Water ,$5.79 ,$5.79 ,"4x330.0 ml, $0.44/100ml",Water,p/20700059_C04
Naturali Aranciata Sparkling Orange Beverage,$7.99 ,$7.99 ,"6x330.0 ml, $0.40/100ml",Water,p/21433205_C06
"Lime Carbonated Natural Spring Water with Natural Flavour, No Calories, No Sweeteners, No Sodium, Can",$8.49 ,$8.49 ,"8x330.0 ml, $0.32/100ml",Water,p/21516710_C08
Original Carbonated Natural Spring Water,$1.49 ,$1.49 ,"1 l, $0.15/100ml",Water,/p/21434317_EA
"Lemon Carbonated Natural Spring Water with Natural Flavour, No Calories, No Sweeteners, No Sodium, Can",$8.49 ,$8.49 ,"8x330.0 ml, $0.32/100ml",Water,p/21516742_C08
"Sparkling Coconut Water, Pineapple",$2.49 ,$2.49 ,"330 ml, $0.75/100ml",Water,/p/21014419_EA
All Natural Coconut Water,$5.79 ,$5.79 ,"1 l, $0.58/100ml",Water,/p/20689784_EA
Sparkling Peach And Cherry Beverage,$9.49 ,$9.49 ,"6x330.0 ml, $0.48/100ml",Water,p/21125596_C06
Naturali Arancia & Fico D'India Sparkling Orange & Prickly Pear Beverage,$7.99 ,$7.99 ,"6x330.0 ml, $403.54/100ml",Water,p/21433193_C06
"Fruit 2O Sparkling Water, Strawberry",$1.59 ,$1.59 ,"502 ml, $0.32/100ml",Water,/p/20883978_EA
Naturali Melograno & Arancia Sparkling Orange & Pomegranate Beverage,$7.99 ,$7.99 ,"6x330.0 ml, $0.40/100ml",Water,p/21433202_C06
Squeezed Zero Calorie Nutrient Enhanced Water Bottle,$2.39 ,$2.39 ,"591 ml, $0.40/100ml",Water,20333194013_EA
Blueberry Brasilia,$2.99 ,$2.99 ,"530 ml, $0.56/100ml",Water,/p/21362960_EA
"Raspberry Carbonated Natural Spring Water with Natural Flavour, No Calories, No Sweeteners, No Sodium, Can",$8.49 ,$8.49 ,"8x330.0 ml, $0.32/100ml",Water,p/21509017_C08
"Spring Water, Bottle",$3.49 ,$3.49 ,"1.5 l, $0.23/100ml",Water,/p/20008522_EA
Energy Kola,$3.29 ,$3.29 ,"355 ml, $0.93/100ml",Water,/p/21404658_EA
"Carbonated Water, Lime",$0.99 ,$1.39 ,"1 l, $0.10/100ml",Water,/p/21096643_EA
Natural Spring Water ,$9.49 ,$9.49 ,"6x500.0 ml, $0.32/100ml",Water,p/21031549_C06
Remineralized Water,$5.99 ,$5.99 ,"12x355.0 ml, $0.14/100ml",Water,p/21445731_C01
"Original Carbonated Natural Spring Water, No Calories, No Sweeteners, No Sodium, Can",$8.49 ,$8.49 ,"8x330.0 ml, $0.32/100ml",Water,p/21509060_C08
Sparkling Drink Clementine & Peach,$8.29 ,$8.29 ,"6x330.0 ml, $0.42/100ml",Water,p/21241143_C06
Mango Malawi,$2.99 ,$2.99 ,"530 ml, $0.56/100ml",Water,/p/21362998_EA
"Sparkling Natural Mineral Water, Blood Orange & Black Raspberry",$10.49 ,$10.49 ,"8x330.0 ml, $0.40/100ml",Water,p/21242753_C08
Carbonated Natural Spring Water,$8.49 ,$8.49 ,"6x500.0 ml, $0.28/100ml",Water,0084633002_C06
"Spring Water, Bottle 6 Pack",$14.49 ,$14.49 ,"6x1.0 l, $0.24/100ml",Water,/p/20503703_EA
Natural Spring Water 12 Bottles,$2.39 ,$2.39 ,"12x500.0 ml, $0.04/100ml",Water,p/20005571_C12
Carbonated Spring Water,$1.79 ,$1.79 ,"2 l, $0.09/100ml",Water,20173165002_EA
Pure Life Natural Spring Water ,$5.99 ,$5.99 ,"35x500.0 ml, $0.03/100ml",Water,p/20022126_C35
Water (Case),$9.49 ,$9.49 ,"6x500.0 ml, $0.32/100ml",Water,p/20037399_C06
Spring Water (Case),$9.99 ,$9.99 ,"6x500.0 ml, $0.33/100ml",Water,p/21033026_C01
Carbonated Natural Mineral Water,$2.49 ,$2.49 ,"1 l, $0.25/100ml",Water,/p/21012469_EA
Smart Water ,$13.49 ,$13.49 ,"6x1.0 l, $0.22/100ml",Water,p/21099117_C06
Carbonated Natural Mineral Water,$2.49 ,$2.49 ,"750 ml, $0.33/100ml",Water,20183964001_EA
"Orange Carbonated Natural Spring Water, No Calories, No Sweeteners, No Sodium, Can",$8.49 ,$8.49 ,"8x330.0 ml, $2.57/100ml",Water,p/21508960_C08
"Water, Bottle",$3.99 ,$3.99 ,"1.5 l, $0.27/100ml",Water,/p/21103742_EA
"Sparking Water, Original, 1L",$2.29 ,$2.29 ,"1 l, $0.23/100ml",Water,/p/21013203_EA
Vitamin Water Nutrient Enhanced Water Beverage Zero Calorie Xoxox Acai Blueberry Pomegranate,$2.39 ,$2.39 ,"591 ml, $0.40/100ml",Water,20562362003_EA
Blood Orange Carbonated Natural Spring Water,$1.49 ,$1.49 ,"1 l, $0.15/100ml",Water,/p/21434314_EA
"Sparkling Natural Mineral Water, Dark Morello Cherry & Pomegranate",$10.49 ,$10.49 ,"8x330.0 ml, $0.40/100ml",Water,p/21156388_C08
Naturali Limonata Sparkling Lemon Beverage,$7.99 ,$7.99 ,"6x330.0 ml, $0.40/100ml",Water,p/21433198_C06
Sparkling Pineapple And Mango Beverage,$9.49 ,$9.49 ,"6x330.0 ml, $0.48/100ml",Water,p/21125584_C06
Sparkling Water Beverage Orange + Grapefruit,$5.99 ,$5.99 ,"12x355.0 ml, $0.14/100ml",Water,p/21361901_C12
"Almond Beverage, Unsweetened Original, Dairy-Free",$4.99 ,$4.99 ,"1.89 l, $0.26/100ml",Non-dairy Milk Alternatives,20328231002_EA
"Oat Beverage, Original",$4.79 ,$4.79 ,"1.75 l, $0.27/100ml",Non-dairy Milk Alternatives,/p/21037796_EA
"Almond Beverage, Unsweetened, Vanilla Flavour, Dairy-Free",$4.99 ,$4.99 ,"1.89 l, $0.26/100ml",Non-dairy Milk Alternatives,20328231004_EA
"Oat Beverage, Unsweetened, Plant Based, Dairy Free",$4.99 ,$4.99 ,"1.75 l, $0.29/100ml",Non-dairy Milk Alternatives,/p/21243598_EA
"Almond Beverage, Original, Plant Based Dairy-Free Milk",$4.99 ,$4.99 ,"1.89 l, $0.26/100ml",Non-dairy Milk Alternatives,20315090001_EA
"Almond Beverage, Unsweetened Original ",$4.00 ,$4.00 ,"1.89 l, $0.21/100ml",Non-dairy Milk Alternatives,/p/20327647_EA
"Almond Beverage, Dark Chocolate Flavour",$4.99 ,$4.99 ,"1.89 l, $0.26/100ml",Non-dairy Milk Alternatives,20328231001_EA
"Organic Soy Beverage, Unsweetened Original, Dairy-Free",$4.99 ,$4.99 ,"1.89 l, $0.26/100ml",Non-dairy Milk Alternatives,/p/20308979_EA
"Oat Beverage, Vanilla",$4.79 ,$4.79 ,"1.75 l, $0.27/100ml",Non-dairy Milk Alternatives,/p/21037799_EA
"Coconut Beverage, Unsweetened Original, Dairy-Free",$4.99 ,$4.99 ,"1.89 l, $0.26/100ml",Non-dairy Milk Alternatives,/p/20773777_EA
"Almond Beverage, Vanilla Flavour, Dairy-Free",$4.99 ,$4.99 ,"1.89 l, $0.26/100ml",Non-dairy Milk Alternatives,/p/20436299_EA
"Dairy Free Plant Based Oat Beverage, Original, Plain",$4.99 ,$4.99 ,"1.75 l, $0.29/100ml",Non-dairy Milk Alternatives,/p/21196119_EA
"Creamy Cashew Beverage, Unsweetened Original, Dairy-Free",$4.99 ,$4.99 ,"1.89 l, $0.26/100ml",Non-dairy Milk Alternatives,/p/20863698_EA
 Oat Zero Sugar Beverage,$4.79 ,$4.79 ,"1.75 l, $0.27/100ml",Non-dairy Milk Alternatives,/p/21517729_EA
"Organic Soy Beverage, Original, Dairy-Free",$4.99 ,$4.99 ,"1.89 l, $0.26/100ml",Non-dairy Milk Alternatives,20124384001_EA
"Almond Beverage, Unsweetened Vanilla",$4.00 ,$4.00 ,"1.89 l, $0.21/100ml",Non-dairy Milk Alternatives,/p/20913872_EA
Organic Almond Beverage Unsweetened Original,$4.99 ,$4.99 ,"1.75 l, $0.29/100ml",Non-dairy Milk Alternatives,20794550002_EA
"Oat Beverage, Vanilla, Unsweetened, Dairy-Free",$4.99 ,$4.99 ,"1.75 l, $0.29/100ml",Non-dairy Milk Alternatives,/p/21396344_EA
"Almond Breeze Unsweetened Almond Milk, Original",$4.79 ,$4.79 ,"1.89 l, $0.25/100ml",Non-dairy Milk Alternatives,20794060004_EA
"Almond Beverage, Original ",$4.00 ,$4.00 ,"1.89 l, $0.21/100ml",Non-dairy Milk Alternatives,20299698001_EA
"Creamy Cashew Beverage, Unsweetened, Vanilla Flavour",$4.99 ,$4.99 ,"1.89 l, $0.26/100ml",Non-dairy Milk Alternatives,/p/20914285_EA
"Oat Beverage, Chocolate",$4.79 ,$4.79 ,"1.75 l, $0.27/100ml",Non-dairy Milk Alternatives,/p/21179354_EA
"Almond Coconut Blend Beverage, Unsweetened, Dairy-Free",$4.99 ,$4.99 ,"1.89 l, $0.26/100ml",Non-dairy Milk Alternatives,/p/20773780_EA
"Organic Soy Beverage, Vanilla Flavour, Dairy-Free",$4.99 ,$4.99 ,"1.89 l, $0.26/100ml",Non-dairy Milk Alternatives,20124384002_EA
"Coconut Beverage, Original, Plant Based Dairy-Free Milk",$4.99 ,$4.99 ,"1.89 l, $0.26/100ml",Non-dairy Milk Alternatives,20328231003_EA
"Oat Beverage, Plain, Unsweetened, Dairy-Free, Shelf Stable",$2.99 ,$2.99 ,"946 ml, $0.32/100ml",Non-dairy Milk Alternatives,/p/21357595_EA
"Protein Almond & Cashew Beverage, Unsweetened Original L",$4.99 ,$5.49 ,"1.75 l, $0.29/100ml",Non-dairy Milk Alternatives,/p/21337480_EA
"Almond Beverage, Vanilla",$4.00 ,$4.00 ,"1.89 l, $0.21/100ml",Non-dairy Milk Alternatives,20299698002_EA
"Almond Breeze Almond Milk, Unsweetened Vanilla",$4.79 ,$4.79 ,"1.89 l, $0.25/100ml",Non-dairy Milk Alternatives,20794060002_EA
"Nextmilk, Plant Based Dairy Free Milk Alternative",$4.99 ,$5.49 ,"1.74 l, $0.29/100ml",Non-dairy Milk Alternatives,/p/21457065_EA
"Organic Almond Beverage, Unsweetened Vanilla",$4.99 ,$4.99 ,"1.75 l, $0.29/100ml",Non-dairy Milk Alternatives,/p/21109099_EA
"Oat Beverage, Plant Based, Dairy Free, Vanilla Flavour",$4.99 ,$4.99 ,"1.75 l, $0.29/100ml",Non-dairy Milk Alternatives,/p/21196105_EA
"Almond Beverage, Chocolate",$4.00 ,$4.00 ,"1.89 l, $0.21/100ml",Non-dairy Milk Alternatives,20299698003_EA
"Protein Almond & Cashew Beverage, Vanilla, Unsweetened, Dairy-Free",$4.99 ,$5.49 ,"1.75 l, $0.29/100ml",Non-dairy Milk Alternatives,/p/21337489_EA
"Soy Beverage, Chocolate Flavour, Dairy-Free",$4.99 ,$4.99 ,"1.89 l, $0.26/100ml",Non-dairy Milk Alternatives,20124384003_EA
"Oat Beverage, Vanilla, Unsweetened, Dairy-Free, Shelf Stable",$2.99 ,$2.99 ,"946 ml, $0.32/100ml",Non-dairy Milk Alternatives,/p/21357596_EA
Almond Breeze Original,$4.79 ,$4.79 ,"1.89 l, $0.25/100ml",Non-dairy Milk Alternatives,20794060003_EA
"Oat Beverage, Naked Original",$7.99 ,$7.99 ,"1.75 l, $0.46/100ml",Non-dairy Milk Alternatives,/p/21424411_EA
Nextmilk Fortified Oat And Coconut Beverage Whole,$4.99 ,$5.49 ,"1.74 l, $0.29/100ml",Non-dairy Milk Alternatives,/p/21518871_EA
"Almond Milk, Unsweetened",$7.99 ,$7.99 ,"3.95 l, $0.20/100ml",Non-dairy Milk Alternatives,/p/21026788_EA
Pumpin Spice Latte,$6.99 ,$6.99 ,"1.4 l, $0.50/100ml",Non-dairy Milk Alternatives,/p/21128504_EA
"Almond Breeze, Vanilla",$4.79 ,$4.79 ,"1.89 l, $0.25/100ml",Non-dairy Milk Alternatives,20794060001_EA
"Barista Almond For Coffee, Dairy Free, Shelf Stable",$5.99 ,$5.99 ,"946 ml, $0.63/100ml",Non-dairy Milk Alternatives,/p/21357598_EA
Frost 4 Flavour Sports Drink ,$21.99 ,$21.99 ,"24x591.0 ml, $0.16/100ml",Sports & Energy,0298835002_C24
Cool Blue Sports Drink ,$6.99 ,$6.99 ,"6x591.0 ml, $0.20/100ml",Sports & Energy,0303218003_C06
Zero Variety Flavour,$21.99 ,$21.99 ,"24x591.0 ml, $0.16/100ml",Sports & Energy,p/21448637_C24
Zero Glacier Freeze,$6.99 ,$6.99 ,"6x591.0 ml, $0.20/100ml",Sports & Energy,p/21242891_C06
"Performance, Cool Blue",$7.29 ,$7.29 ,"8x355.0 ml, $0.26/100ml",Sports & Energy,p/21164182_C08
G2 Clubpack Sports Drink ,$21.99 ,$21.99 ,"24x591.0 ml, $0.16/100ml",Sports & Energy,p/20325703_C24
"Zero, Berry",$6.99 ,$6.99 ,"6x591.0 ml, $0.20/100ml",Sports & Energy,p/21164178_C06
Zero Ultra,$2.99 ,$3.29 ,"473 ml, $0.63/100ml",Sports & Energy,/p/20938521_EA
Fierce Cool Blue Sports Drink,$1.79 ,$1.79 ,"710 ml, $0.25/100ml",Sports & Energy,20305775003_EA
G Zero Grape Sports Drink,$6.99 ,$6.99 ,"6x591.0 ml, $0.20/100ml",Sports & Energy,p/21357044_C06
Orange Sports Drink ,$6.99 ,$6.99 ,"6x591.0 ml, $0.20/100ml",Sports & Energy,0303218002_C06
"Zero, Orange",$6.99 ,$6.99 ,"6x591.0 ml, $0.20/100ml",Sports & Energy,p/21164179_C06
Fruit Punch Sports Drink ,$6.99 ,$6.99 ,"6x591.0 ml, $0.20/100ml",Sports & Energy,0303218008_C06
Original,$2.99 ,$3.29 ,"473 ml, $0.63/100ml",Sports & Energy,/p/20938249_EA
Performance Fruit Punch,$7.29 ,$7.29 ,"8x355.0 ml, $0.26/100ml",Sports & Energy,p/21164181_C08
Glacier Cherry Sports Drink ,$6.99 ,$6.99 ,"6x591.0 ml, $0.20/100ml",Sports & Energy,0854727002_C06
"G2, Grape ",$6.99 ,$6.99 ,"6x591.0 ml, $0.20/100ml",Sports & Energy,0303218001_C06
Lemon Lime Sports Drink (Case),$6.99 ,$6.99 ,"6x591.0 ml, $0.20/100ml",Sports & Energy,0303218004_C06
Fierce Orange Sports Drink,$1.79 ,$1.79 ,"710 ml, $0.25/100ml",Sports & Energy,20305775004_EA
Frappuccino Mocha Coffee Drink,$2.99 ,$2.99 ,"405 ml, $0.74/100ml",Sports & Energy,/p/20660857_EA
Frappuccino Vanilla Coffee Drink,$2.99 ,$2.99 ,"405 ml, $0.74/100ml",Sports & Energy,/p/20662689_EA
Fierce Fruit Punch Sports Drink,$1.79 ,$1.79 ,"710 ml, $0.25/100ml",Sports & Energy,20305775001_EA
Zero Cool Blue Sports Drink ,$1.79 ,$1.79 ,"710 ml, $0.25/100ml",Sports & Energy,/p/21357035_EA
"Performance, Orange",$7.29 ,$7.29 ,"8x355.0 ml, $0.26/100ml",Sports & Energy,p/21164180_C08
GFIT Tropical Mango,$2.79 ,$2.79 ,"828 ml, $0.34/100ml",Sports & Energy,/p/21516025_EA
G Zero Berry ,$1.69 ,$1.69 ,"828 ml, $0.20/100ml",Sports & Energy,/p/21521839_EA
Cool Blue Sports Drink,$1.69 ,$1.69 ,"828 ml, $0.20/100ml",Sports & Energy,/p/21521772_EA
GFIT Watermelon Strawberry,$2.79 ,$2.79 ,"828 ml, $0.34/100ml",Sports & Energy,/p/21516011_EA
Fierce Lemon Lime Sports Drink,$1.79 ,$1.79 ,"710 ml, $0.25/100ml",Sports & Energy,20305775002_EA
Zero Fruit Punch Sports Drink  ,$1.79 ,$1.79 ,"710 ml, $0.25/100ml",Sports & Energy,/p/21357037_EA
"Electrolyte Beverage, Mixed Berry, Bottle",$1.49 ,$1.49 ,"710 ml, $0.21/100ml",Sports & Energy,/p/20853723_EA
Energy Drink,$2.99 ,$2.99 ,"250 ml, $1.20/100ml",Sports & Energy,/p/20702466_EA
GFIT Citrus Berry,$2.79 ,$2.79 ,"828 ml, $0.34/100ml",Sports & Energy,/p/21516005_EA
G Zero Grape,$1.69 ,$1.69 ,"828 ml, $0.20/100ml",Sports & Energy,/p/21521798_EA
Orange Sport Drink,$1.69 ,$1.69 ,"828 ml, $0.20/100ml",Sports & Energy,/p/21521764_EA
Fruit Punch Sport Drink,$1.69 ,$1.69 ,"828 ml, $0.20/100ml",Sports & Energy,/p/21521770_EA
Frost Glacier Freeze Powder,$7.99 ,$7.99 ,"560 g, $1.43/100g",Sports & Energy,20336724001_EA
"G2, Fruit Punch ",$6.99 ,$6.99 ,"6x591.0 ml, $0.20/100ml",Sports & Energy,0303218010_C06
Ultra Peachy Keen,$2.99 ,$2.99 ,"473 ml, $0.63/100ml",Sports & Energy,/p/21518499_EA
Frost Arctic Blitz    ,$6.99 ,$6.99 ,"6x591.0 ml, $0.20/100ml",Sports & Energy,p/21094145_C06
Frost Glacier Freeze Sports Drink ,$6.99 ,$6.99 ,"6x591.0 ml, $0.20/100ml",Sports & Energy,p/21013070_C06
"Peach Party Cans, 12 Pack",$6.99 ,$6.99 ,"12x341.0 ml, $0.17/100ml",Sports & Energy,p/21242429_C12
"Energy Drink, Sugar Free",$2.99 ,$2.99 ,"250 ml, $1.20/100ml",Sports & Energy,/p/20702497_EA
"Electrolyte Beverage, Fruit Punch, Bottle",$1.49 ,$1.49 ,"710 ml, $0.21/100ml",Sports & Energy,/p/20853721_EA
"Team Pack Electrolyte Beverage, Bottle 24 Pack",$19.49 ,$19.49 ,"24x591.0 ml, $0.14/100ml",Sports & Energy,p/20854130_C24
Fierce Glacier Cherry Sports Drink,$1.79 ,$1.79 ,"710 ml, $0.25/100ml",Sports & Energy,20305775006_EA
"Electrolyte Beverage, Melon Pinnapple, Bottle",$1.49 ,$1.49 ,"710 ml, $0.21/100ml",Sports & Energy,/p/20853845_EA
Ultra Fiesta,$2.99 ,$3.29 ,"473 ml, $0.63/100ml",Sports & Energy,/p/21357112_EA
Reserve Watermelon,$2.99 ,$3.29 ,"473 ml, $0.63/100ml",Sports & Energy,/p/21475289_EA
Frost Orange (Instant) Powder,$7.99 ,$7.99 ,"560 g, $1.43/100g",Sports & Energy,20336724003_EA
"Energy Drink, Tropical, Pack 4",$9.49 ,$9.99 ,4x250.0 ea,Sports & Energy,p/20952938_C04
Energy Drink,$3.99 ,$3.99 ,"355 ml, $1.12/100ml",Sports & Energy,20134482001_EA
Sparkling Citrus Beverage,$7.29 ,$7.29 ,"6x330.0 ml, $0.37/100ml",Sports & Energy,p/21314273_C06
"Electrolyte Beverage, Blue Raspberry, Bottle",$6.49 ,$6.49 ,"6x591.0 ml, $0.18/100ml",Sports & Energy,p/21360116_C06
"G2, Orange ",$6.99 ,$6.99 ,"6x591.0 ml, $0.20/100ml",Sports & Energy,0303218009_C06
"Mixed Berry Electrolyte Beverage, Bottle 6 Pack",$6.49 ,$6.49 ,"6x591.0 ml, $0.18/100ml",Sports & Energy,p/20854209_C06
"Extra Strength, Grape    ",$4.49 ,$4.49 ,"57 ml, $7.88/100ml",Sports & Energy,/p/20648463_EA
Punch Papillon,$2.99 ,$3.29 ,"473 ml, $0.63/100ml",Sports & Energy,/p/21379982_EA
Punch Mango Loco,$10.99 ,$10.99 ,"4x473.0 ml, $0.58/100ml",Sports & Energy,p/21239622_C04
Doubleshot Vanilla Energy Drink,$2.99 ,$2.99 ,"444 ml, $0.67/100ml",Sports & Energy,20307679001_EA
Ultra Rosa,$2.99 ,$3.29 ,"473 ml, $0.63/100ml",Sports & Energy,/p/21307944_EA
Pure Zero Punched Energy Drink,$2.99 ,$2.99 ,"473 ml, $0.63/100ml",Sports & Energy,20853077002_EA
"Energy Drink, Sugar Free",$3.99 ,$3.99 ,"355 ml, $1.12/100ml",Sports & Energy,20134482002_EA
Reserve White Pineapple,$2.99 ,$3.29 ,"473 ml, $0.63/100ml",Sports & Energy,/p/21475288_EA
Punched Fruit Punch Energy Drink ,$2.99 ,$2.99 ,"473 ml, $0.63/100ml",Sports & Energy,20368415011_EA
Zero Sugar,$2.99 ,$3.29 ,"473 ml, $0.63/100ml",Sports & Energy,/p/20938012_EA
Organic Energy Drink    ,$3.49 ,$3.49 ,"355 ml, $0.98/100ml",Sports & Energy,/p/21012162_EA
Frost Lemon-Lime (Instant) Powder,$7.99 ,$7.99 ,"560 g, $1.43/100g",Sports & Energy,20336724002_EA
Java 300 French Vanilla,$2.99 ,$3.29 ,"444 ml, $0.67/100ml",Sports & Energy,/p/21527703_EA
Doubleshot White Chocolate,$2.99 ,$2.99 ,"444 ml, $0.67/100ml",Sports & Energy,/p/21079012_EA
Java Loca Moca,$2.99 ,$3.29 ,"444 ml, $0.67/100ml",Sports & Energy,20325474001_EA
Breakfast Essentials Vanilla    ,$9.99 ,$9.99 ,"6x237.0 ml, $0.70/100ml",Sports & Energy,p/20940622_C06
Java 300 Mocha,$2.99 ,$3.29 ,"444 ml, $0.67/100ml",Sports & Energy,/p/21527725_EA
"Energy Drink, Watermelon, Pack 4",$9.49 ,$9.99 ,"4x250.0 ml, $0.95/100ml",Sports & Energy,p/21291177_C04
Original,$16.99 ,$16.99 ,"8x355.0 ml, $0.60/100ml",Sports & Energy,p/21452775_C08
Energy Drink,$4.79 ,$4.79 ,"473 ml, $1.01/100ml",Sports & Energy,20370365001_EA
"Energy Drink, Sugar Free",$4.79 ,$4.79 ,"473 ml, $1.01/100ml",Sports & Energy,/p/20772666_EA
Pipeline Punch,$2.99 ,$3.29 ,"473 ml, $0.63/100ml",Sports & Energy,/p/20987344_EA
Black Cherry,$2.99 ,$2.99 ,"355 ml, $0.84/100ml",Sports & Energy,/p/21460035_EA
Sparkling Passion Fruit Beverage,$1.89 ,$1.89 ,"355 ml, $0.53/100ml",Sports & Energy,/p/21456791_EA
Blue Razz Energy Drink,$2.79 ,$2.79 ,"473 ml, $0.59/100ml",Sports & Energy,/p/21443802_EA
Reignbow Sherbet,$10.99 ,$10.99 ,"4x473.0 ml, $0.58/100ml",Sports & Energy,p/21530775_C04
Ultra Watermelon,$2.99 ,$3.29 ,"473 ml, $0.63/100ml",Sports & Energy,/p/21394805_EA
Punch Mango Loco,$2.99 ,$3.29 ,"473 ml, $0.63/100ml",Sports & Energy,/p/21128337_EA
Ultra Sunrise,$2.99 ,$3.29 ,"473 ml, $0.63/100ml",Sports & Energy,/p/20875127_EA
Ultra Gold,$2.99 ,$3.29 ,"473 ml, $0.63/100ml",Sports & Energy,/p/21438319_EA
"Energy Drink, Sugar Free",$18.99 ,$18.99 ,"8x250.0 ml, $0.95/100ml",Sports & Energy,p/21022950_C08
Elite Series Pre-Workout Explosion Ripped Pink Lemonade,$23.79 ,$27.99 ,"171 g, $13.91/100g",Sports & Energy,/p/21484668_EA
Original Energy Drink,$2.99 ,$2.99 ,"473 ml, $0.63/100ml",Sports & Energy,20368415003_EA
Razzleberry,$6.99 ,$6.99 ,"12x341.0 ml, $0.17/100ml",Sports & Energy,p/21242490_C12
Grapefruit Lemonade,$2.99 ,$2.99 ,"355 ml, $0.84/100ml",Sports & Energy,/p/21455714_EA
Sparkling Mango Beverage,$1.89 ,$1.89 ,"355 ml, $0.53/100ml",Sports & Energy,/p/21456790_EA
"Energy Drink, Peach-Nectarine",$9.49 ,$9.99 ,"4x250.0 ml, $0.95/100ml",Sports & Energy,p/21241822_C04
Cucumber Lime,$2.99 ,$2.99 ,"355 ml, $0.84/100ml",Sports & Energy,/p/21455713_EA
Ultra Red,$2.99 ,$3.29 ,"473 ml, $0.63/100ml",Sports & Energy,/p/20767585_EA
Energy Drink,$18.99 ,$18.99 ,"8x250.0 ml, $0.95/100ml",Sports & Energy,0096534001_C08
Cucumber Lime,$2.99 ,$2.99 ,"355 ml, $0.84/100ml",Sports & Energy,/p/21455713_EA
Ultra Red,$2.99 ,$3.29 ,"473 ml, $0.63/100ml",Sports & Energy,/p/20767585_EA
Energy Drink,$18.99 ,$18.99 ,"8x250.0 ml, $0.95/100ml",Sports & Energy,0096534001_C08
Punch Khaotic,$2.99 ,$3.29 ,"473 ml, $0.63/100ml",Sports & Energy,/p/21379978_EA
"Fruit Punch Electrolyte Beverage, Bottle 6 Pack",$6.49 ,$6.49 ,"6x591.0 ml, $0.18/100ml",Sports & Energy,p/20854338_C06
Caffeinated Energy Drink Root Beer Energy,$2.49 ,$2.49 ,"473 ml, $0.53/100ml",Sports & Energy,/p/21443822_EA
"Shot, Extra Strength",$14.49 ,$14.49 ,"4x59.0 ml, $6.36/100ml",Sports & Energy,/p/20539871_EA
"Energy Drink, Sugar Free",$9.49 ,$9.99 ,"4x250.0 ml, $0.95/100ml",Sports & Energy,0166737002_C04
"Limited Edition Energy Drink, Apricot-Strawberry ",$9.99 ,$9.99 ,"4x250.0 ml, $1.00/100ml",Sports & Energy,p/21450543_C04
G FIT Watermelon Strawberry,$8.99 ,$8.99 ,"6x500.0 ml, $0.30/100ml",Sports & Energy,p/21521751_C06
Frappuccino Caramel Coffee Drink,$2.99 ,$2.99 ,"405 ml, $0.74/100ml",Sports & Energy,/p/20867771_EA
"Shot, Berry",$4.49 ,$4.49 ,"57 ml, $7.88/100ml",Sports & Energy,/p/20310455_EA
Java Mean Bean,$2.99 ,$3.29 ,"444 ml, $0.67/100ml",Sports & Energy,/p/20938099_EA
Tripleshot Café Mocha,$2.99 ,$2.99 ,"444 ml, $0.67/100ml",Sports & Energy,/p/21435665_EA
The Green Edition Energy Drink Dragon Fruit,$9.99 ,$9.99 ,"4x250.0 ml, $1.00/100ml",Sports & Energy,p/21450542_C04
Coffee Dark Blend,$2.99 ,$2.99 ,"355 ml, $0.84/100ml",Sports & Energy,/p/21455401_EA
Doubleshot Mocha Energy Drink,$2.99 ,$2.99 ,"444 ml, $0.67/100ml",Sports & Energy,20307679002_EA
Bangster Berry Energy Drink,$2.79 ,$2.79 ,"473 ml, $0.59/100ml",Sports & Energy,/p/21445062_EA
Ultra Gold,$10.99 ,$10.99 ,"4x473.0 ml, $0.58/100ml",Sports & Energy,p/21438343_C04
Rehab Tea+Lemonade,$2.99 ,$3.29 ,"458 ml, $0.65/100ml",Sports & Energy,/p/21396365_EA
Punch Aussie Style Lemonade,$2.99 ,$2.99 ,"473 ml, $0.63/100ml",Sports & Energy,/p/21519934_EA
Zero Sugar,$10.99 ,$10.99 ,"4x473.0 ml, $0.58/100ml",Sports & Energy,p/21529177_C04
"Energy Drink, 4 Pack (Case)",$14.49 ,$14.49 ,"4x355.0 ml, $1.02/100ml",Sports & Energy,/p/20620770_EA
Original,$10.99 ,$10.99 ,"4x473.0 ml, $0.58/100ml",Sports & Energy,p/20937631_C04
Rehab Peach Tea,$2.99 ,$3.29 ,"458 ml, $0.65/100ml",Sports & Energy,/p/21396364_EA
Sparkling Guava Beverage,$1.89 ,$1.89 ,"355 ml, $0.53/100ml",Sports & Energy,/p/21456792_EA
"Energy Drink, Blueberry, Pack 4",$9.49 ,$9.99 ,"4x250.0 ml, $0.95/100ml",Sports & Energy,p/21229628_C04
White Gummy Bear,$2.99 ,$3.29 ,"473 ml, $0.63/100ml",Sports & Energy,/p/21435389_EA
Zero Ultra,$10.99 ,$10.99 ,"4x473.0 ml, $0.58/100ml",Sports & Energy,p/20767535_C04
G FIT Citrus Berry,$8.99 ,$8.99 ,"6x500.0 ml, $0.30/100ml",Sports & Energy,p/21521362_C06
Rehab Strawberry Lemonade,$2.99 ,$3.29 ,"458 ml, $0.65/100ml",Sports & Energy,/p/21396363_EA
Original,$2.99 ,$3.29 ,"473 ml, $0.63/100ml",Sports & Energy,/p/20990649_EA
Lo-Cal,$2.99 ,$3.29 ,"473 ml, $0.63/100ml",Sports & Energy,/p/20938109_EA
Reignbow Sherbet,$2.99 ,$3.29 ,"473 ml, $0.63/100ml",Sports & Energy,/p/21519767_EA
Sugar Free,$2.99 ,$2.99 ,"473 ml, $0.63/100ml",Sports & Energy,20368415004_EA
Original,$3.79 ,$3.79 ,"710 ml, $0.53/100ml",Sports & Energy,20355408002_EA
Zero Ultra,$16.99 ,$16.99 ,"8x355.0 ml, $0.60/100ml",Sports & Energy,p/21452514_C08
Energy Drink,$26.99 ,$26.99 ,"12x250.0 ml, $0.90/100ml",Sports & Energy,p/21242382_C12
Punched Fruit Punch ,$10.49 ,$10.49 ,"4x473.0 ml, $0.55/100ml",Sports & Energy,p/20951417_C04
Triple Shot French Vanilla,$2.99 ,$2.99 ,"444 ml, $0.67/100ml",Sports & Energy,/p/21435666_EA
Orange Dreamsicle,$2.99 ,$3.29 ,"473 ml, $0.63/100ml",Sports & Energy,/p/21370239_EA
Ultra Violet,$2.99 ,$3.29 ,"473 ml, $0.63/100ml",Sports & Energy,/p/21079015_EA
Assault,$2.99 ,$3.29 ,"473 ml, $0.63/100ml",Sports & Energy,/p/20938013_EA
Razzle Berry,$2.99 ,$3.29 ,"473 ml, $0.63/100ml",Sports & Energy,/p/21311166_EA
Breakfast Essentials Chocolate    ,$9.99 ,$9.99 ,"6x237.0 ml, $0.70/100ml",Sports & Energy,p/20940619_C06
Coffee Vanilla,$2.99 ,$2.99 ,"355 ml, $0.84/100ml",Sports & Energy,/p/21455402_EA
"Energy Drink,",$9.49 ,$9.99 ,"4x250.0 ml, $0.95/100ml",Sports & Energy,0166737001_C04
"Energy Drink, Light    ",$3.49 ,$3.49 ,"355 ml, $0.98/100ml",Sports & Energy,/p/21012166_EA
Ultra Violet,$2.99 ,$3.29 ,"473 ml, $0.63/100ml",Sports & Energy,/p/21079015_EA
G FIT Tropical Mango,$8.99 ,$8.99 ,"6x500.0 ml, $0.30/100ml",Sports & Energy,p/21521747_C06
Evaporated Milk,$1.99 ,$1.99 ,"354 ml, $0.56/100ml",Drink Mixes,/p/21040510_EA
Sweetened Condensed Milk,$2.99 ,$2.99 ,"300 ml, $1.00/100ml",Drink Mixes,/p/20112979_EA
Coconut Milk,$1.69 ,$1.69 ,"398 ml, $0.42/100ml",Drink Mixes,/p/21378707_EA
Evaporated Milk,$2.79 ,$2.79 ,"354 ml, $0.79/100ml",Drink Mixes,/p/20896887_EA
2% Evaporated Partly Skimmed Milk,$1.99 ,$1.99 ,"354 ml, $0.56/100ml",Drink Mixes,/p/21040543_EA
Nesquik Chocolate Syrup,$5.99 ,$5.99 ,"700 ml, $0.86/100ml",Drink Mixes,20320167002_EA
Coconut Milk,$1.99 ,$1.99 ,"400 ml, $0.50/100ml",Drink Mixes,/p/20047774_EA
Brand Sweetened Condensed Milk,$3.99 ,$3.99 ,"300 ml, $1.33/100ml",Drink Mixes,/p/21012618_EA
Lemonade Liquid Water Enhancer,$2.99 ,$2.99 ,"48 ml, $6.23/100ml",Drink Mixes,/p/20663423_EA
100% Coconut Water,$3.29 ,$3.49 ,"1 l, $0.33/100ml",Drink Mixes,/p/20570506_EA
Grape Liquid Drink Mix,$2.99 ,$2.99 ,"48 ml, $6.23/100ml",Drink Mixes,20749494001_EA
"Liquid Drink Mix, Strawberry Lemon",$2.99 ,$2.99 ,"48 ml, $6.23/100ml",Drink Mixes,/p/20660972_EA
Cherry Liquid Drink Mix,$2.99 ,$2.99 ,"48 ml, $6.23/100ml",Drink Mixes,20749494002_EA
Fruit Punch Flavoured Liquid Water Enhancer,$2.99 ,$2.99 ,"48 ml, $6.23/100ml",Drink Mixes,20565119001_EA
Tropical Punch Liquid Drink Mix,$2.99 ,$2.99 ,"48 ml, $6.23/100ml",Drink Mixes,20749494003_EA
Peach Mango Liquid Water Enhancer,$2.79 ,$2.79 ,"48 ml, $5.81/100ml",Drink Mixes,20734123001_EA
Chocolate Syrup,$4.99 ,$4.99 ,"700 ml, $0.71/100ml",Drink Mixes,/p/20430788_EA
Watermelon Strawberry Liquid Water Enhancer,$2.79 ,$2.79 ,"48 ml, $5.81/100ml",Drink Mixes,/p/21080963_EA
Cherry Blackberry Liquid Water Enhancer,$2.99 ,$2.99 ,"48 ml, $6.23/100ml",Drink Mixes,20565119005_EA
Sport Electrolytes Berry Burst Liquid Water Enhancer,$2.99 ,$2.99 ,"48 ml, $6.23/100ml",Drink Mixes,/p/20662690_EA
Light Coconut Milk,$1.49 ,$1.49 ,"398 ml, $0.37/100ml",Drink Mixes,/p/21378715_EA
Orange Liquid Drink Mix,$2.99 ,$2.99 ,"48 ml, $6.23/100ml",Drink Mixes,/p/20955642_EA
Berry Pomegranate Liquid Water Enhancer,$2.79 ,$2.79 ,"48 ml, $5.81/100ml",Drink Mixes,/p/21080966_EA
Orange Liquid Drink Mix,$2.99 ,$2.99 ,"48 ml, $6.23/100ml",Drink Mixes,20749494004_EA
Pink Lemonade Liquid Water Enhancer,$2.79 ,$2.79 ,"48 ml, $5.81/100ml",Drink Mixes,20734123002_EA
Berry Pomegranate Liquid Water Enhancer,$2.99 ,$2.99 ,"48 ml, $6.23/100ml",Drink Mixes,20565119003_EA
Nesquik Strawberry Syrup,$5.99 ,$5.99 ,"510 ml, $1.17/100ml",Drink Mixes,20320167004_EA
2% Evaporated Partly Skimmed Milk,$2.79 ,$2.79 ,"354 ml, $0.79/100ml",Drink Mixes,/p/20896812_EA
"Liquid Drink Mix, Blueberry Razz",$2.99 ,$2.99 ,"48 ml, $6.23/100ml",Drink Mixes,/p/20660835_EA
Sport Orange Liquid Water Enhancer,$2.99 ,$2.99 ,"48 ml, $6.23/100ml",Drink Mixes,20746192003_EA
Nesquik Chocolate Powder,$6.49 ,$6.49 ,"540 g, $1.20/100g",Drink Mixes,20139236002_EA
Fruit Punch Liquid Water Enhancer,$2.79 ,$2.79 ,"48 ml, $5.81/100ml",Drink Mixes,/p/21080969_EA
Cranberry Raspberry Liquid Water Enhancer,$2.99 ,$2.99 ,"48 ml, $6.23/100ml",Drink Mixes,20746192001_EA
Tomato Juice,$1.49 ,$1.49 ,"540 ml, $0.28/100ml",Drink Mixes,/p/20565353_EA
Lemonade Liquid Drink Mix,$2.99 ,$2.99 ,"48 ml, $6.23/100ml",Drink Mixes,/p/20955707_EA
Watermelon Liquid Drink Mix,$2.99 ,$2.99 ,"48 ml, $6.23/100ml",Drink Mixes,/p/20955645_EA
Strawberry Watermelon Liquid Water Enhancer,$2.99 ,$2.99 ,"48 ml, $6.23/100ml",Drink Mixes,20565119002_EA
Grape Liquid Drink Mix,$2.99 ,$2.99 ,"48 ml, $6.23/100ml",Drink Mixes,/p/21021895_EA
Mango Peach Liquid Water Enhancer,$2.99 ,$2.99 ,"48 ml, $6.23/100ml",Drink Mixes,20565119004_EA
Sport Lemon Lime Liquid Water Enhancer,$2.99 ,$2.99 ,"48 ml, $6.23/100ml",Drink Mixes,20746192004_EA
Nesquik Less Sugar Chocolate Syrup,$5.99 ,$5.99 ,"510 ml, $1.17/100ml",Drink Mixes,20316320001_EA
"Liquid Drink Mix, Blackberry Lemonbabe",$2.99 ,$2.99 ,"48 ml, $6.23/100ml",Drink Mixes,20746034001_EA
Lemonade Liquid Water Enhancer,$2.79 ,$2.79 ,"48 ml, $5.81/100ml",Drink Mixes,/p/21080964_EA
"Liquid Drink Mix, Aloha Pineapple Coconut",$2.99 ,$2.99 ,"48 ml, $6.23/100ml",Drink Mixes,20746034003_EA
Pineapple Coconut Exotic Juice Drink,$1.99 ,$1.99 ,"1 l, $0.20/100ml",Drink Mixes,/p/21001025_EA
Sport Arctic Grape Liquid Water Enhancer,$2.99 ,$2.99 ,"48 ml, $6.23/100ml",Drink Mixes,/p/20663342_EA
"Singles, Iced Tea",$3.29 ,$3.29 ,"26 g, $12.65/100g",Drink Mixes,/p/20301288_EA
Pasteurized Instant Skim Milk Powder,$8.29 ,$8.29 ,"500 g, $1.66/100g",Drink Mixes,/p/20119655_EA
Coconut Milk,$1.49 ,$1.49 ,"400 ml, $0.37/100ml",Drink Mixes,/p/20652757_EA
Coconut Milk,$1.69 ,$1.69 ,"160 ml, $1.06/100ml",Drink Mixes,/p/20594714_EA
Plant Based Sweetened Condensed Coconut Milk,$2.99 ,$2.99 ,"250 ml, $1.20/100ml",Drink Mixes,/p/21386697_EA
"Liquid Water Enhancer Drops, Strawberry Watermelon Flavor, Sugar Free Concentrated Drink Mix",$5.49 ,$5.49 ,"92 ml, $5.97/100ml",Drink Mixes,/p/21521713_EA
"Coconut Milk, Powdered",$1.29 ,$1.29 ,"50 g, $2.58/100g",Drink Mixes,/p/20844097_EA
"Singles, Raspberry Ice",$3.29 ,$3.29 ,"24 g, $13.71/100g",Drink Mixes,/p/20304756_EA
Guava Exotic Fruit Juice,$2.99 ,$2.99 ,"4x200.0 ml, $0.37/100ml",Drink Mixes,/p/20344100_EA
100% Coconut Water,$10.49 ,$10.49 ,"6x500.0 ml, $0.35/100ml",Drink Mixes,/p/21018405_EA
Skim Milk Powder,$12.49 ,$12.49 ,"1 kg, $1.25/100g",Drink Mixes,/p/20145129_EA
Turmeric Latte,$19.99 ,$19.99 ,"150 g, $13.33/100g",Drink Mixes,/p/21222509_EA
Alphonso Mango Drink,$1.49 ,$1.49 ,"180 ml, $0.83/100ml",Drink Mixes,/p/21455131_EA
Matcha Latte,$19.99 ,$19.99 ,"6x150.0 g, $2.22/100g",Drink Mixes,/p/21222515_EA
Coconut Milk Light,$3.29 ,$3.49 ,"400 ml, $0.82/100ml",Drink Mixes,/p/20852681_EA
Iced Tea Naturally Flavoured Liquid Water Enhancer,$4.79 ,$4.79 ,"52 ml, $9.21/100ml",Drink Mixes,/p/21443733_EA
Plant Based Evaporated Coconut Milk,$1.99 ,$1.99 ,"400 ml, $0.50/100ml",Drink Mixes,/p/21386703_EA
Chocolate Syrup,$11.99 ,$11.99 ,"2 l, $0.60/100ml",Drink Mixes,/p/20432372_EA
"Singles, Raspberry Peach",$3.29 ,$3.29 ,"54 g, $6.09/100g",Drink Mixes,20308459001_EA
Passion Fruit Juice,$2.79 ,$2.79 ,"1 l, $0.28/100ml",Drink Mixes,20296770002_EA
Brand Dulce De Leche Sweetened Condensed Milk,$3.99 ,$3.99 ,"300 ml, $1.33/100ml",Drink Mixes,/p/21012627_EA
Milk Flavoured Drink,$7.49 ,$8.99 ,"6x245.0 ml, $0.51/100ml",Drink Mixes,/p/21453398_EA
Cream Of Coconut Beverage Base,$4.49 ,$5.99 ,"425 g, $1.06/100g",Drink Mixes,/p/21456471_EA
Mango Drink     ,$4.99 ,$4.99 ,"6x200.0 ml, $0.42/100ml",Drink Mixes,/p/20009162_EA
Sweetened Condensed Whitener,$1.99 ,$2.79 ,"297 ml, $0.67/100ml",Drink Mixes,/p/20877966_EA
Evaporated Milk,$2.29 ,$2.29 ,"354 ml, $0.65/100ml",Drink Mixes,/p/21040708_EA
"Singles, Tangerine Grapefruit",$3.29 ,$3.29 ,"40 g, $8.23/100g",Drink Mixes,/p/20323938_EA
Liquid Lemon Iced Tea Mix,$2.99 ,$2.99 ,"48 ml, $6.23/100ml",Drink Mixes,/p/20955706_EA
Guava Exotic Juice Drink,$2.79 ,$2.79 ,"1 l, $0.28/100ml",Drink Mixes,20296770001_EA
Lychee,$1.49 ,$1.49 ,"180 ml, $0.83/100ml",Drink Mixes,/p/21455113_EA
Vitamins Blackberry Raspberry Liquid Water Enhancer,$2.99 ,$2.99 ,"48 ml, $6.23/100ml",Drink Mixes,/p/21081063_EA
Blueberry Lemonade Liquid Water Enhancer,$2.99 ,$2.99 ,"48 ml, $6.23/100ml",Drink Mixes,20746192002_EA
"Liquid Drink Mix, Posh Pomegranate",$2.99 ,$2.99 ,"48 ml, $6.23/100ml",Drink Mixes,20746034004_EA
Cherry Drink Mix,$14.49 ,$14.49 ,"2 kg, $0.63/100g",Drink Mixes,/p/20160851_EA
Refresh 100% Coconut Water,$1.99 ,$2.29 ,"500 ml, $0.40/100ml",Drink Mixes,/p/20881151_EA
Juice Drink Pineapple & Coconut,$2.99 ,$2.99 ,"1 l, $0.30/100ml",Drink Mixes,/p/21456866_EA
Orange Drink Mix,$2.79 ,$2.79 ,"276 g, $1.01/100g",Drink Mixes,/p/20028785_EA
Original Craft Caesar Rim   ,$5.49 ,$5.49 ,"140 g, $3.92/100g",Drink Mixes,/p/21181644_EA
Yogurt Flavoured Drink Original Flavour,$2.49 ,$2.99 ,"4x125.0 ml, $0.50/100ml",Drink Mixes,/p/21455720_EA
Coconut Juice,$1.29 ,$1.79 ,"520 ml, $0.25/100ml",Drink Mixes,/p/20180415_EA
"Lemonade Liquid Water Enhancer, Club Size",$4.79 ,$4.79 ,"92 ml, $5.21/100ml",Drink Mixes,/p/21507667_EA
Guanabana Juice,$2.79 ,$2.79 ,"1 l, $0.28/100ml",Drink Mixes,20304561002_EA
Mango Drink,$2.99 ,$2.99 ,"4x200.0 ml, $0.37/100ml",Drink Mixes,20325890001_EA
Brand Low Fat Sweetened Condensed Milk,$3.99 ,$3.99 ,"300 ml, $1.33/100ml",Drink Mixes,/p/21012967_EA
Evaporada (Evaporated Liquid Creamer),$1.89 ,$1.99 ,"405 ml, $0.47/100ml",Drink Mixes,/p/20853403_EA
Vitamins Cherry Liquid Water Enhancer,$2.99 ,$2.99 ,"48 ml, $6.23/100ml",Drink Mixes,/p/21081014_EA
Mango Juice,$2.49 ,$2.79 ,"1000 ml, $0.25/100ml",Drink Mixes,/p/20041155_EA
Nectar Mango,$2.79 ,$2.79 ,"1 l, $0.28/100ml",Drink Mixes,20029236001_EA
"Milo, Chocolate Flavoured Drink Mix",$6.29 ,$6.29 ,"400 g, $1.57/100g",Drink Mixes,/p/20103042_EA
100% Natural Organic Coconut Water ,$3.99 ,$4.29 ,"1 l, $0.40/100ml",Drink Mixes,/p/21383084_EA
Aloe Vera drink,$2.99 ,$3.49 ,"1.5 l, $0.20/100ml",Drink Mixes,/p/20593585_EA
Coconut Water with Pulp,$1.49 ,$1.89 ,"520 ml, $0.29/100ml",Drink Mixes,20023918001_EA
Alphonso Mango Fruit Juice Nectar,$4.29 ,$4.29 ,"1 l, $0.43/100ml",Drink Mixes,/p/21399828_EA
STRAWBERRY SYRUP,$4.99 ,$4.99 ,"510 ml, $0.98/100ml",Drink Mixes,/p/21285296_EA
Nesquik Chocolate Syrup,$12.99 ,$12.99 ,"1.4 l, $0.93/100ml",Drink Mixes,/p/20998906_EA
Pure Creamed Coconut,$1.99 ,$1.99 ,"141 g, $1.41/100g",Drink Mixes,/p/20822128_EA
"Singles, Pink Lemonade",$3.29 ,$3.29 ,"45 g, $7.31/100g",Drink Mixes,/p/20301645_EA
Condensada Sweetened Condensed Creamer,$2.49 ,$2.49 ,"380 g, $0.66/100g",Drink Mixes,/p/21209742_EA
Orange Drink Mix,$11.99 ,$11.99 ,"2 kg, $0.55/100g",Drink Mixes,/p/20171118_EA
Pineapple Orange Liquid Drink Mix,$2.99 ,$2.99 ,"48 ml, $6.23/100ml",Drink Mixes,/p/21021981_EA
Coconut Milk,$3.29 ,$3.49 ,"400 ml, $0.82/100ml",Drink Mixes,/p/20188944_EA
Lemonade Drink Mix,$16.49 ,$16.49 ,"2 kg, $0.69/100g",Drink Mixes,/p/20040522_EA
"Aloe Vera Drink, 50% Less Sugar",$2.99 ,$3.49 ,"1.5 l, $0.20/100ml",Drink Mixes,/p/21007399_EA
"Singles, Lemon Lime",$3.29 ,$3.29 ,"36 g, $9.14/100g",Drink Mixes,/p/20302952_EA
Coconut Juice With Pulp,$1.99 ,$1.99 ,"500 ml, $0.40/100ml",Drink Mixes,/p/20431227_EA
Coconut Water     ,$1.79 ,$1.79 ,"500 ml, $0.36/100ml",Drink Mixes,/p/20595344_EA
All Purpose Creamer ,$2.99 ,$3.99 ,"370 ml, $0.81/100ml",Drink Mixes,/p/21381914_EA
Fat Free Evaporated Skim Milk,$2.79 ,$2.79 ,"354 ml, $0.79/100ml",Drink Mixes,/p/20896741_EA
"Juice, Green Mango",$4.29 ,$4.29 ,"1 l, $0.43/100ml",Drink Mixes,/p/21399816_EA
Concentrated Blackcurrant Beverage Original,$8.99 ,$9.49 ,"850 ml, $1.06/100ml",Drink Mixes,/p/21101494_EA
2% Milk,$4.69 ,$4.69 ,"1 l, $0.47/100ml",Drink Mixes,/p/20085214_EA
Ice Tea Lemon Liquid Water Enhancer,$4.29 ,$4.29 ,"52 ml, $8.25/100ml",Drink Mixes,20667088004_EA
Mandarin Orange Liquid Water Enhancer,$5.49 ,$5.49 ,"92 ml, $5.97/100ml",Drink Mixes,/p/21520609_EA
Juice Drink Passion Fruit,$2.99 ,$2.99 ,"4x200.0 ml, $1.50/100ml",Drink Mixes,/p/21456915_EA
Roasted Coconut Juice,$1.79 ,$1.79 ,"350 ml, $0.51/100ml",Drink Mixes,/p/20314649_EA
"Fruit Punch Liquid Water Enhancer, Club Size",$4.79 ,$4.79 ,"92 ml, $5.21/100ml",Drink Mixes,/p/21507679_EA
Pasteurized Instant Skim Milk Powder,$27.29 ,$27.29 ,"2.5 kg, $1.09/100g",Drink Mixes,/p/20052038_EA
"Pitcher Packs, Lemonade",$3.29 ,$3.29 ,"56.6 g, $5.81/100g",Drink Mixes,/p/20324991_EA
Fat Free Instant Skim Milk Powder,$10.99 ,$10.99 ,"500 g, $2.20/100g",Drink Mixes,/p/20009555_EA
Coconut Water with Jelly,$1.49 ,$1.49 ,"520 ml, $0.29/100ml",Drink Mixes,20023918002_EA
Guava Drink,$1.99 ,$1.99 ,"1 l, $0.20/100ml",Drink Mixes,/p/21378020_EA
"Singles, Strawberry Orange Banana",$3.29 ,$3.29 ,"27 g, $12.19/100g",Drink Mixes,20308459002_EA
Jasmine Green Tea,$2.29 ,$2.49 ,"1.23 l, $0.19/100ml",Drink Mixes,/p/21340139_EA
Mango Juice Drink,$4.49 ,$4.49 ,"1.5 l, $0.30/100ml",Drink Mixes,/p/21422987_EA
Mango Exotic Juice Drink,$1.99 ,$1.99 ,"1 l, $0.20/100ml",Drink Mixes,/p/21001004_EA
Lychee Exotic Juice Drink,$2.79 ,$2.79 ,"1 l, $0.28/100ml",Drink Mixes,20304561001_EA
Lychee Drink,$1.99 ,$1.99 ,"1 l, $0.20/100ml",Drink Mixes,/p/21378017_EA
Kremdensada (Sweetened Thick Creamer),$2.49 ,$2.68 ,"405 ml, $0.61/100ml",Drink Mixes,/p/20853405_EA
Thickened Creamy Product,$2.99 ,$2.99 ,"160 g, $1.87/100g",Drink Mixes,/p/21449248_EA
Tangerine Grapefruit Liquid Water Enhancer,$2.79 ,$2.79 ,"48 ml, $5.81/100ml",Drink Mixes,20734123003_EA
Pineapple Juice ,$3.49 ,$3.89 ,"1.36 l, $0.26/100ml",Drink Mixes,/p/21382373_EA
Milo Chocolate Malt Beverage Mix,$10.99 ,$12.99 ,"900 g, $1.22/100g",Drink Mixes,/p/20161668_EA
Blonde Brew Dealcoholized Lager Beer,$9.49 ,$9.49 ,"12x355.0 ml, $0.22/100ml",Non-Alcoholic Drinks,p/20121729_C12
Red Brew Dealcoholized Lager Beer ,$9.49 ,$9.49 ,"12x355.0 ml, $0.22/100ml",Non-Alcoholic Drinks,p/20325253_C12
Sunbrew,$13.99 ,$13.99 ,"6x330.0 ml, $0.71/100ml",Non-Alcoholic Drinks,p/21433615_C06
Grenadine,$4.99 ,$4.99 ,"739 ml, $0.68/100ml",Non-Alcoholic Drinks,20809028002_EA
"Nonalcoholic Craft Beer, IPA",$8.49 ,$8.49 ,"4x355.0 ml, $0.60/100ml",Non-Alcoholic Drinks,p/21208552_C04
Alcohol Free Beer Bottles with Natural Flavours ,$12.49 ,$12.49 ,"6x330.0 ml, $0.63/100ml",Non-Alcoholic Drinks,p/21099500_C06
"Non Alcoholic Beer, PALE",$8.49 ,$8.49 ,"4x355.0 ml, $0.60/100ml",Non-Alcoholic Drinks,p/21208553_C04
Sunbrew Alcohol-Free Beer with Natural Flavour and Vitamin D,$19.99 ,$22.99 ,"12x355.0 ml, $0.47/100ml",Non-Alcoholic Drinks,p/21515805_C12
Lime Cordial,$4.99 ,$4.99 ,"739 ml, $0.68/100ml",Non-Alcoholic Drinks,20809028001_EA
Alcohol Free Beer with Natural Flavours ,$12.49 ,$12.49 ,"6x330.0 ml, $0.63/100ml",Non-Alcoholic Drinks,p/21100011_C06
Bud Zero Can,$18.99 ,$18.99 ,"12x355.0 ml, $0.45/100ml",Non-Alcoholic Drinks,p/21295370_C12
Craft Non-Alcoholic Beer Blonde,$8.49 ,$8.49 ,"4x355.0 ml, $0.60/100ml",Non-Alcoholic Drinks,p/21359004_C04
Non-Alcoholic Beer ,$12.99 ,$12.99 ,"6x330.0 ml, $0.66/100ml",Non-Alcoholic Drinks,p/20080645_C06
Chardonnay Dealcoholized Wine,$7.99 ,$7.99 ,"750 ml, $1.07/100ml",Non-Alcoholic Drinks,/p/21045800_EA
Sauvignon Blanc Dealcoholized Wine,$7.99 ,$7.99 ,"750 ml, $1.07/100ml",Non-Alcoholic Drinks,/p/21403389_EA
0.5% Alcohol Beer,$13.99 ,$15.99 ,"24x355.0 ml, $0.16/100ml",Non-Alcoholic Drinks,p/20079283_C24
Edge Non-Alcoholic Beer with Natural Flavours Double Brewed ,$15.99 ,$17.49 ,"12x355.0 ml, $0.38/100ml",Non-Alcoholic Drinks,p/21105236_C12
Run Wild IPA,$9.99 ,$11.99 ,"6x355.0 ml, $0.47/100ml",Non-Alcoholic Drinks,p/21538144_C06
Flavoured Wheat Beer Blanc,$9.49 ,$10.49 ,"6x330.0 ml, $0.48/100ml",Non-Alcoholic Drinks,p/21167976_C06
Cabernet Sauvignon Dealcoholized Wine,$7.99 ,$7.99 ,"750 ml, $1.07/100ml",Non-Alcoholic Drinks,/p/21403385_EA
Alcohol Beer Lager,$9.99 ,$9.99 ,"12x355.0 ml, $0.23/100ml",Non-Alcoholic Drinks,p/20056727_C12
White Wine De-Alcoholized,$7.99 ,$7.99 ,"750 ml, $1.07/100ml",Non-Alcoholic Drinks,/p/20185245_EA
Upside Dawn,$9.99 ,$11.99 ,"6x355.0 ml, $0.47/100ml",Non-Alcoholic Drinks,p/21538122_C06
Non-Alcoholic Beer     ,$8.49 ,$8.49 ,"4x500.0 ml, $0.42/100ml",Non-Alcoholic Drinks,p/20938318_C04
Merlot Dealcoholized Wine,$7.99 ,$7.99 ,"750 ml, $1.07/100ml",Non-Alcoholic Drinks,/p/21045602_EA
Simple Syrup,$5.29 ,$5.29 ,"375 ml, $1.41/100ml",Non-Alcoholic Drinks,/p/21354624_EA
Non-Alcoholic Craft Beer Ipa,$7.99 ,$7.99 ,"4x355.0 ml, $0.56/100ml",Non-Alcoholic Drinks,p/21520949_C04
Craft Non-Alcoholic Beer Hazy Ipa,$8.49 ,$8.49 ,"4x355.0 ml, $0.60/100ml",Non-Alcoholic Drinks,p/21540504_C04
"De-Alcoholized Wine, Red",$7.99 ,$7.99 ,"750 ml, $1.07/100ml",Non-Alcoholic Drinks,/p/20300444_EA
Sparkling Dealcoholized Wine,$7.99 ,$7.99 ,"750 ml, $1.07/100ml",Non-Alcoholic Drinks,/p/21045604_EA
"Domingo Mixed Flavours Non-Alcoholic, Club Pack ",$14.99 ,$14.99 ,"12x341.0 ml, $0.37/100ml",Non-Alcoholic Drinks,p/20297835_C12
Craft Non-Alcoholic Beer Red,$8.49 ,$8.49 ,"4x355.0 ml, $0.60/100ml",Non-Alcoholic Drinks,p/21433186_C04
Non Alcoholic Radler ,$8.49 ,$8.49 ,"4x500.0 ml, $0.42/100ml",Non-Alcoholic Drinks,p/20991179_C04
Non-Alcoholic Cocktail Gin & Tonic,$9.49 ,$9.49 ,"4x355.0 ml, $0.67/100ml",Non-Alcoholic Drinks,p/21476671_C04
Non-Alcoholic Cocktail Mojito,$9.49 ,$9.49 ,"4x355.0 ml, $0.67/100ml",Non-Alcoholic Drinks,p/21471294_C04
Non-Alcoholic Craft Beer Irish Style Red,$7.99 ,$7.99 ,"4x355.0 ml, $0.56/100ml",Non-Alcoholic Drinks,p/21520951_C04
"De-Alcoholized Wine, Cabernet Sauvignon",$8.79 ,$8.79 ,"750 ml, $1.17/100ml",Non-Alcoholic Drinks,/p/20320442_EA
0.3% Non-Alcoholic Beer Trail Hopper IPA,$7.49 ,$9.99 ,"355 ml, $2.11/100ml",Non-Alcoholic Drinks,/p/21482159_EA
Non-Alcoholic Pilsner,$8.99 ,$8.99 ,"6x341.0 ml, $0.44/100ml",Non-Alcoholic Drinks,p/20302160_C06
De Alcoholized Wine  Semillon Chardonnay,$8.79 ,$8.79 ,"750 ml, $1.17/100ml",Non-Alcoholic Drinks,/p/20142514_EA
0.3% Alcohol Beer Sunsetter Peach Wheat Ale,$7.49 ,$9.99 ,"355 ml, $2.11/100ml",Non-Alcoholic Drinks,/p/21482151_EA
"Dealcoholised Sparkling Wine, White",$10.49 ,$10.49 ,"750 ml, $1.40/100ml",Non-Alcoholic Drinks,20743359002_EA
Lemon Sour Mix,$5.29 ,$5.29 ,"375 ml, $1.41/100ml",Non-Alcoholic Drinks,/p/21354625_EA
Bud Zero Bottle,$9.99 ,$12.49 ,"6x341.0 ml, $0.49/100ml",Non-Alcoholic Drinks,p/21295398_C06
Classic Beer Non-Alcoholic ,$8.99 ,$8.99 ,"4x330.0 ml, $0.68/100ml",Non-Alcoholic Drinks,p/20954664_C04
Edge Non-Alcoholic Beer with Natural Flavours Double Brewed,$2.49 ,$2.49 ,"473 ml, $0.53/100ml",Non-Alcoholic Drinks,/p/21103816_EA
Non-Alcoholic Cocktail Whiskey & Cola,$9.49 ,$9.49 ,"4x355.0 ml, $0.67/100ml",Non-Alcoholic Drinks,p/21471336_C04
Vanilla Bean Syrup,$5.29 ,$5.29 ,"375 ml, $1.41/100ml",Non-Alcoholic Drinks,/p/21354623_EA
Edge Non-Alcoholic Beer with Natural Flavours Double Brewed,$2.49 ,$2.49 ,"473 ml, $0.53/100ml",Non-Alcoholic Drinks,/p/21103816_EA
Vanilla Ice Cream Sandwiches,$10.00 ,$10.00 ,"24x120.0 ml, $0.35/100ml",Ice Cream & Desserts,/p/21013432_EA
French Vanilla Frozen Dessert with real vanilla ,$5.29 ,$5.29 ,"1.66 l, $0.32/100ml",Ice Cream & Desserts,20301305002_EA
Drumstick Vanilla Caramel,$6.29 ,$6.29 ,"4x140.0 ml, $1.12/100ml",Ice Cream & Desserts,20322380001_EA
Vanilla Ice Cream Sandwich,$7.49 ,$7.49 ,"12x120.0 ml, $0.52/100ml",Ice Cream & Desserts,/p/20111532_EA
Original Frozen Whipped Topping,$4.99 ,$4.99 ,"1 l, $0.50/100ml",Ice Cream & Desserts,20030369001_EA
Vanilla Frozen Dessert made with real Vanilla,$5.29 ,$5.29 ,"1.66 l, $0.32/100ml",Ice Cream & Desserts,20301305006_EA
French Vanilla Ice Cream made in Canada ,$7.49 ,$7.49 ,"1.66 l, $0.45/100ml",Ice Cream & Desserts,20344925006_EA
Natural Vanilla Ice Cream with fresh cream & real vanilla beans ,$7.49 ,$7.49 ,"1.66 l, $0.45/100ml",Ice Cream & Desserts,20344925001_EA
Lolly Fruity,$6.79 ,$6.79 ,"28x50.0 ml, $0.49/100ml",Ice Cream & Desserts,/p/20348169_EA
Premuim Canadian Collection Almonds & Milk Chocolate Bars,$6.99 ,$6.99 ,"8x55.0 ml, $1.59/100ml",Ice Cream & Desserts,20323757001_EA
"Fudgsicle Frozen Dairy Dessert Bars with malt, cocoa and quality milk",$5.29 ,$5.29 ,"720 ml, $0.73/100ml",Ice Cream & Desserts,/p/20763171_EA
"Firecracker Ice Pops Cherry, Lemon, & Blue Raspberry ",$5.29 ,$5.29 ,"12x50.0 ml, $0.88/100ml",Ice Cream & Desserts,20343500005_EA
Vanilla,$5.49 ,$5.49 ,"2 l, $0.27/100ml",Ice Cream & Desserts,20315236001_EA
Mint Chocolatey Chip Frozen Dessert ,$5.29 ,$5.29 ,"1.66 l, $0.32/100ml",Ice Cream & Desserts,20301305001_EA
Family Classic Frozen Dessert Pralines & Cream ,$5.29 ,$5.29 ,"1.66 l, $0.32/100ml",Ice Cream & Desserts,20301305011_EA
Family Classic Frozen Dessert Cookies & Cream,$5.29 ,$5.29 ,"1.66 l, $0.32/100ml",Ice Cream & Desserts,20301305014_EA
Strawberry Ice Cream,$6.49 ,$6.49 ,"450 ml, $1.44/100ml",Ice Cream & Desserts,/p/21513347_EA
Whipped Topping,$3.79 ,$3.79 ,"1 l, $0.38/100ml",Ice Cream & Desserts,20113422001_EA
Premuim Canadian Collection Creamy Milk Chocolate and Vanilla Bars,$6.99 ,$6.99 ,"8x55.0 ml, $1.59/100ml",Ice Cream & Desserts,20323757004_EA
Deep Dish Pie Shells,$4.79 ,$4.79 ,"350 g, $1.37/100g",Ice Cream & Desserts,20303840001_EA
Ice Milk Fudge Bars,$10.00 ,$10.00 ,"30x60.0 ml, $0.56/100ml",Ice Cream & Desserts,20347400002_EA
Family Classic Frozen Dessert Heavenly Hash,$5.29 ,$5.29 ,"1.66 l, $0.32/100ml",Ice Cream & Desserts,20301305010_EA
Space Pops,$5.99 ,$5.99 ,"30x75.0 ml, $0.27/100ml",Ice Cream & Desserts,20031065001_EA
Drumstick Vanilla,$6.29 ,$6.29 ,"4x140.0 ml, $1.12/100ml",Ice Cream & Desserts,20322380003_EA
Chocolate and Vanilla Cone with Caramel Centre,$7.49 ,$7.49 ,"8x120.0 ml, $0.78/100ml",Ice Cream & Desserts,20117581001_EA
Premium French Vanilla,$6.99 ,$6.99 ,"2 l, $0.35/100ml",Ice Cream & Desserts,20323573001_EA
Fudge Smoothie Frozen Dairy Dessert Bars,$6.00 ,$6.00 ,"6x80.0 ml, $1.25/100ml",Ice Cream & Desserts,20538593001_EA
Chocolate Frozen Dessert made with real chocolate ,$5.29 ,$5.29 ,"1.66 l, $0.32/100ml",Ice Cream & Desserts,20301305003_EA
Vanilla Bean Ice Cream,$6.49 ,$6.49 ,"450 ml, $1.44/100ml",Ice Cream & Desserts,/p/21513578_EA
Drumstick Simply Dipped Cones,$6.29 ,$6.29 ,"4x135.0 ml, $1.16/100ml",Ice Cream & Desserts,/p/21013059_EA
Coffee Ice Cream,$6.49 ,$6.49 ,"450 ml, $1.44/100ml",Ice Cream & Desserts,/p/21513506_EA
Ice Pops,$5.99 ,$5.99 ,"30x75.0 ml, $0.27/100ml",Ice Cream & Desserts,20031065002_EA
"Neapolitan Frozen Dessert with rich cocoa, natural vanilla & real strawberries ",$5.29 ,$5.29 ,"1.66 l, $0.32/100ml",Ice Cream & Desserts,20301305004_EA
DRUMSTICK ROLO Cones,$6.29 ,$6.29 ,"4x135.0 ml, $1.16/100ml",Ice Cream & Desserts,/p/21162997_EA
Chocolate Peanut Butter Ice Cream,$6.49 ,$6.49 ,"450 ml, $1.44/100ml",Ice Cream & Desserts,/p/21513323_EA
Vanilla Almond Ice Cream Bars,$6.49 ,$6.49 ,"3x88.0 ml, $2.46/100ml",Ice Cream & Desserts,20302298001_EA
Ice Pop Creamsicle Bars sweet treat made with natural colours and flavours,$5.29 ,$5.29 ,"720 ml, $0.73/100ml",Ice Cream & Desserts,/p/20763159_EA
Deep 'n Delicious Chocolate Cake,$7.99 ,$7.99 ,"510 g, $1.57/100g",Ice Cream & Desserts,20310132002_EA
Ice Cream with Fairtrade Ingredients Half Baked® Non-Gmo,$4.99 ,$5.49 ,"473 ml, $1.05/100ml",Ice Cream & Desserts,/p/21428403_EA
Vanilla Light Ice Cream Sandwich made withv quality milk,$5.29 ,$5.29 ,"4x135.0 ml, $0.98/100ml",Ice Cream & Desserts,/p/20759585_EA
Super Fudge Ice Milk,$7.49 ,$7.49 ,"18x75.0 ml, $0.55/100ml",Ice Cream & Desserts,20072328002_EA
Light Frozen Whipped Topping,$4.99 ,$4.99 ,"1 l, $0.50/100ml",Ice Cream & Desserts,20030369002_EA
French Vanilla Frozen Yogurt,$4.49 ,$4.49 ,"2 l, $0.22/100ml",Ice Cream & Desserts,20902182002_EA
Double Caramel Ice Cream Bar Belgian Chocolate ,$4.99 ,$5.49 ,"3x90.0 ml, $1.85/100ml",Ice Cream & Desserts,/p/20950739_EA
Revello Frozen Dairy Dessert Bars natural flavours and quality milk,$5.29 ,$5.29 ,"12x60.0 ml, $0.73/100ml",Ice Cream & Desserts,/p/20684180_EA
Chocolate Ice Cream,$6.49 ,$6.49 ,"450 ml, $1.44/100ml",Ice Cream & Desserts,/p/21513516_EA
"Ice Pop Orange, Cherry, Grape sweet treat made with natural colours and flavours",$5.29 ,$5.29 ,"12x48.0 g, $0.92/100ml",Ice Cream & Desserts,/p/20950845_EA
Vanilla Ice Milk Bars,$10.00 ,$10.00 ,"30x60.0 ml, $0.56/100ml",Ice Cream & Desserts,20347400001_EA
Vanilla Ice Cream,$6.49 ,$6.49 ,"450 ml, $1.44/100ml",Ice Cream & Desserts,/p/21513555_EA
Lolly Triple Treat (Blue Raspberry/Strawberry/Grape),$6.79 ,$6.79 ,"1400 ml, $0.49/100ml",Ice Cream & Desserts,/p/20950734_EA
Ice Cream with Fairtrade Ingredients The Tonight Dough® Non-Gmo,$4.99 ,$5.49 ,"473 ml, $1.05/100ml",Ice Cream & Desserts,/p/21428213_EA
Salted Caramel Almond Ice Cream ,$4.99 ,$5.49 ,"473 ml, $1.05/100ml",Ice Cream & Desserts,/p/21428155_EA
Frozen Tiramisu,$7.99 ,$7.99 ,"460 g, $1.74/100g",Ice Cream & Desserts,/p/21104504_EA
Nanaimo Bar Locally Inspired Light Ice Cream,$7.49 ,$7.49 ,"1.41 l, $0.53/100ml",Ice Cream & Desserts,/p/21427947_EA
Cream First Peppermint Chocolate Ice Cream with Chocolate Fudge Crackle,$7.29 ,$7.29 ,"1.5 l, $0.49/100ml",Ice Cream & Desserts,20757157005_EA
Plant-Based Caramel Fudge Chip Frozen Dessert,$6.49 ,$6.49 ,"400 ml, $1.62/100ml",Ice Cream & Desserts,/p/21517350_EA
Ice Cream Premium Pistachio & Almonds ,$6.99 ,$6.99 ,"2 l, $0.35/100ml",Ice Cream & Desserts,/p/21358899_EA
Ice Cream with Fairtrade Ingredients Mint Chocolate Chance Non-Gmo,$4.99 ,$5.49 ,"473 ml, $1.05/100ml",Ice Cream & Desserts,/p/21428387_EA
Salted Caramel Mochi,$5.99 ,$5.99 ,"6x35.0 ml, $2.85/100ml",Ice Cream & Desserts,/p/21221405_EA
"Ice Cream, Dark Chocolate Caramel Sea Salt Gelato",$8.99 ,$8.99 ,"562 ml, $1.60/100ml",Ice Cream & Desserts,/p/21037709_EA
Dairy-Free Frozen Dessert Legendary Cookie Dough,$10.49 ,$10.49 ,"473 ml, $2.22/100ml",Ice Cream & Desserts,/p/21472178_EA
Premium Maple Walnut,$6.99 ,$6.99 ,"2 l, $0.35/100ml",Ice Cream & Desserts,20323573006_EA
Bar Light Ice Cream covered in a thick chocolatey,$5.29 ,$5.29 ,"540 ml, $0.98/100ml",Ice Cream & Desserts,20309322001_EA
Ice Cream with Fairtrade Ingredients Bananas Foster Core Non-Gmo,$4.99 ,$5.49 ,"473 ml, $1.05/100ml",Ice Cream & Desserts,/p/21428567_EA
Dairy Free Dark Chocolate Plant Based Gelato,$8.99 ,$8.99 ,"562 ml, $1.60/100ml",Ice Cream & Desserts,/p/21333126_EA
Ice Cream Brownie Batter Core Non-GMO,$4.99 ,$5.49 ,"473 ml, $1.05/100ml",Ice Cream & Desserts,/p/21164016_EA
"Dairy Free Cashew-Based Frozen Dessert, Chocolate Banana Flambe",$7.79 ,$7.79 ,"500 ml, $1.56/100ml",Ice Cream & Desserts,/p/21104494_EA
Mini Mousses Desserts,$10.99 ,$10.99 ,"210 g, $5.23/100g",Ice Cream & Desserts,/p/21479728_EA
Non-Dairy Frozen Pops Chocolate Lion,$7.49 ,$7.49 ,"168 ml, $4.46/100ml",Ice Cream & Desserts,/p/21453466_EA
"3"" Tart Shells",$4.79 ,$4.79 ,"255 g, $1.88/100g",Ice Cream & Desserts,20303840004_EA
Frozen Fruit Pops Blood Orange & Lemon,$5.79 ,$5.79 ,"70 g, $8.27/100g",Ice Cream & Desserts,/p/21469809_EA
Ice Cream with Fairtrade Ingredients Peanut Butter Half Baked Non-Gmo,$4.99 ,$5.49 ,"473 ml, $1.05/100ml",Ice Cream & Desserts,/p/21428701_EA
Sea Salted Caramel Gelato,$8.99 ,$8.99 ,"562 ml, $1.60/100ml",Ice Cream & Desserts,/p/21037730_EA
Yukon Cookies & Cream Moose Sandwich,$6.99 ,$6.99 ,"8x150.0 ml, $0.58/100ml",Ice Cream & Desserts,/p/21160733_EA
Ice Cream with Fairtrade Ingredients Karamel Sutra Core Non-Gmo,$4.99 ,$5.49 ,"473 ml, $1.05/100ml",Ice Cream & Desserts,/p/21428751_EA
Salted Caramel Ice Cream Bars,$6.49 ,$6.49 ,"3x88.0 ml, $2.46/100ml",Ice Cream & Desserts,20302298007_EA
Ice Cream with Fairtrade Ingredients Milk & Cookies Non-Gmo,$4.99 ,$5.49 ,"473 ml, $1.05/100ml",Ice Cream & Desserts,/p/21428210_EA
Chocolate Hazelnut Ice Cream,$6.49 ,$6.49 ,"450 ml, $1.44/100ml",Ice Cream & Desserts,/p/21513268_EA
Dairy Free Raspberry Lime Sorbetto,$8.99 ,$8.99 ,"562 ml, $1.60/100ml",Ice Cream & Desserts,/p/21038767_EA
"Ice Cream Shop Flavours, Peanut Butter & Chocolate",$4.69 ,$4.69 ,"946 ml, $0.50/100ml",Ice Cream & Desserts,20299983020_EA
Super Premium Plus Ice Cream Cherry Chocolate Truffle,$6.49 ,$6.49 ,"500 ml, $1.30/100ml",Ice Cream & Desserts,/p/21511089_EA
The Decadent Chocolate Chip Cookie Vanilla Ice Cream Sandwiches,$5.99 ,$5.99 ,"6x100.0 ml, $1.00/100ml",Ice Cream & Desserts,20345934001_EA
Apple Fritter Ice Cream,$4.99 ,$4.99 ,"500 ml, $1.00/100ml",Ice Cream & Desserts,/p/21439399_EA
"Creamery Style Ice Cream, Neapolitan",$7.49 ,$7.49 ,"1.66 l, $0.45/100ml",Ice Cream & Desserts,20344925003_EA
Original Neapolitan Ice Cream,$9.99 ,$9.99 ,"4 l, $0.25/100ml",Ice Cream & Desserts,20594806002_EA
Frozen Yogurt Field Berry,$4.49 ,$4.49 ,"2 l, $0.22/100ml",Ice Cream & Desserts,20902182003_EA
Super Premium Plus Ice Cream Chocolate & Brownies,$6.49 ,$6.49 ,"500 ml, $1.30/100ml",Ice Cream & Desserts,/p/21511149_EA
Vanilla Ice Cream,$8.49 ,$8.49 ,"4 l, $0.21/100ml",Ice Cream & Desserts,20311627001_EA
Assorted Cream Bars,$10.00 ,$10.00 ,"30x60.0 ml, $0.56/100ml",Ice Cream & Desserts,20347400004_EA
"Deep'n Delicious® MINIS Cookie Crumble Cake Cups, 4-pk",$7.99 ,$7.99 ,"340 g, $2.35/100g",Ice Cream & Desserts,/p/21477873_EA
Peanut Butter & Chocolate Cookie Dough Ice Cream Bites,$5.99 ,$5.99 ,"180 ml, $3.33/100ml",Ice Cream & Desserts,/p/21507016_EA
Banana Split Mini Ice Cream Bars,$5.99 ,$5.99 ,"330 ml, $1.82/100ml",Ice Cream & Desserts,/p/21235343_EA
Sorbet Triple Berry,$7.49 ,$7.49 ,"2 l, $0.37/100ml",Ice Cream & Desserts,/p/20761284_EA
Real Banana 1/2 Dipped Chocolate,$7.79 ,$7.79 ,"10x50.0 ml, $1.56/100ml",Ice Cream & Desserts,/p/21358665_EA
Exträaz Salted Caramel Brownie Ice Cream,$6.49 ,$6.49 ,"450 ml, $1.44/100ml",Ice Cream & Desserts,/p/21512845_EA
Lolly Rocket Assorted,$6.79 ,$6.79 ,"28x50.0 ml, $0.49/100ml",Ice Cream & Desserts,/p/21161183_EA
"Premium Ice Cream, Chocolate Caramel Cup",$6.99 ,$6.99 ,"2 l, $0.35/100ml",Ice Cream & Desserts,20323573014_EA
Loads Of Cookies ‘N’ Crème Light Ice Cream,$6.99 ,$6.99 ,"1.5 l, $0.47/100ml",Ice Cream & Desserts,20746245005_EA
Frozen Dessert with with real ingredients Salted Caramel ,$5.29 ,$5.29 ,"1.66 l, $0.32/100ml",Ice Cream & Desserts,/p/21428130_EA
Banana Split Mini Ice Cream Bars,$5.99 ,$5.99 ,"330 ml, $1.82/100ml",Ice Cream & Desserts,/p/21235343_EA
Sorbet Triple Berry,$7.49 ,$7.49 ,"2 l, $0.37/100ml",Ice Cream & Desserts,/p/20761284_EA
Real Banana 1/2 Dipped Chocolate,$7.79 ,$7.79 ,"10x50.0 ml, $1.56/100ml",Ice Cream & Desserts,/p/21358665_EA
Exträaz Salted Caramel Brownie Ice Cream,$6.49 ,$6.49 ,"450 ml, $1.44/100ml",Ice Cream & Desserts,/p/21512845_EA
"Chocolate, Salty Caramel & Peanuts",$6.99 ,$6.99 ,"2 l, $0.35/100ml",Ice Cream & Desserts,/p/21082155_EA
Cookies & Cream,$6.99 ,$6.99 ,"2 l, $0.35/100ml",Ice Cream & Desserts,/p/21082109_EA
Raspberry Swirl Smoothie Frozen Dairy Dessert Bars,$6.00 ,$6.00 ,"6x80.0 ml, $1.25/100ml",Ice Cream & Desserts,20538593002_EA
"Dairy Free Cashew-Based Frozen Dessert, Salted Caramel Cluster",$7.79 ,$7.79 ,"500 ml, $1.56/100ml",Ice Cream & Desserts,/p/20931171_EA
No Sugar Added NSA Vanilla Cone,$7.99 ,$7.99 ,"4x120.0 ml, $1.66/100ml",Ice Cream & Desserts,20299152001_EA
Key Lime Pie,$10.99 ,$10.99 ,"830 g, $1.32/100g",Ice Cream & Desserts,/p/20035860_EA
Sliced Cheesecake Selection,$18.99 ,$18.99 ,"12 slices, $1.90/100g",Ice Cream & Desserts,/p/20599530_EA
Non-Dairy Frozen Dessert Oat S'Mores,$7.49 ,$7.49 ,"500 ml, $1.50/100ml",Ice Cream & Desserts,/p/21471279_EA
"Dairy Free Coconut-Based Frozen Dessert, 4  Vanilla Bean Bars",$7.79 ,$7.79 ,"272 ml, $2.86/100ml",Ice Cream & Desserts,/p/21314880_EA
The Decadent Molten Chocolate Cakes,$4.69 ,$4.69 ,"216 g, $2.17/100g",Ice Cream & Desserts,/p/20800613_EA
Ice Cream Premium the Only Chocolate,$6.99 ,$6.99 ,"2 l, $0.35/100ml",Ice Cream & Desserts,/p/21358849_EA
Dairy Free Chocolate Peanut Butter Plant Based Gelato,$8.99 ,$8.99 ,"562 ml, $1.60/100ml",Ice Cream & Desserts,/p/21357947_EA
Vanilla With A Chocolatey Coating & Almonds Ice Cream Bars,$7.99 ,$7.99 ,"5x55.0 ml, $2.91/100ml",Ice Cream & Desserts,/p/21428986_EA
KitKat Frozen Dessert,$6.49 ,$6.49 ,"1.5 l, $0.43/100ml",Ice Cream & Desserts,20322085003_EA
Chocolate Chip Cookie Dough Core Ice Cream ,$4.99 ,$5.49 ,"473 ml, $1.05/100ml",Ice Cream & Desserts,/p/21353466_EA
Premium Ice Cream Bar Cacao Ruby,$6.49 ,$6.49 ,"72 ml, $9.01/100ml",Ice Cream & Desserts,/p/21219782_EA
"Greek Smoothie Bar, Mango",$6.00 ,$6.00 ,"6x80.0 ml, $1.25/100ml",Ice Cream & Desserts,20538592001_EA
Ice Cream Creamery Style Light Gluten-Free Butterscotch Ripple ,$7.49 ,$7.49 ,"1.66 l, $0.45/100ml",Ice Cream & Desserts,/p/21429054_EA
"Dairy Free Coconut-Based Frozen Dessert, 8 Coconut Sandwiches",$7.79 ,$7.79 ,"68 ml, $11.46/100ml",Ice Cream & Desserts,/p/21310391_EA
Sorbet Mango,$7.49 ,$7.49 ,"2 l, $0.37/100ml",Ice Cream & Desserts,/p/20950028_EA
Honey Greek Yogurt Smoothie Bars,$6.00 ,$6.00 ,"6x80.0 ml, $1.25/100ml",Ice Cream & Desserts,20538592002_EA
Mint Chocolate Mini Ice Cream Bars,$5.99 ,$5.99 ,"330 ml, $1.82/100ml",Ice Cream & Desserts,/p/21077475_EA
Peanut Butter Swirl,$6.49 ,$6.49 ,"473 ml, $1.37/100ml",Ice Cream & Desserts,/p/21087003_EA
Lavender London Fog Gelato   ,$8.99 ,$8.99 ,"562 ml, $1.60/100ml",Ice Cream & Desserts,/p/21333184_EA
Ice Cream An Éclair Affair ,$4.99 ,$5.49 ,"473 ml, $1.05/100ml",Ice Cream & Desserts,/p/21512362_EA
French Vanilla & Dark Chocolate Super Cone,$7.49 ,$7.49 ,"8x120.0 ml, $0.78/100ml",Ice Cream & Desserts,/p/21161490_EA
Profiteroles,$13.99 ,$13.99 ,"625 g, $2.24/100g",Ice Cream & Desserts,/p/20079202_EA
"Dairy Free Cashew-Based Frozen Dessert, Simply Vanilla",$7.79 ,$7.79 ,"479 ml, $1.56/100ml",Ice Cream & Desserts,/p/21018000_EA
"Ice Cream Bars Belgian Chocolate, Almond Duet",$4.99 ,$5.49 ,"3 ea, $1.66/1ea",Ice Cream & Desserts,/p/21427861_EA
Yukon Ice Cream Double the Dip with Milk Chocolate,$6.99 ,$6.99 ,"5x140.0 ml, $1.00/100ml",Ice Cream & Desserts,/p/21218580_EA
Salted Caramel Brownie Ice Cream Bars,$6.49 ,$6.49 ,"3x72.0 ml, $3.00/100ml",Ice Cream & Desserts,/p/21219534_EA
Yuzu Citrus Ice Cream,$4.49 ,$4.49 ,"500 ml, $0.90/100ml",Ice Cream & Desserts,/p/21358948_EA
"Ice Cream, Non-Dairy Frozen Dessert The Tonight Dough Certified Vegan",$4.99 ,$5.50 ,"473 ml, $1.05/100ml",Ice Cream & Desserts,/p/21428818_EA
Chocolate Brownie Cheesecake with Ganache Topping,$9.99 ,$9.99 ,"600 g, $1.67/100g",Ice Cream & Desserts,/p/20299699_EA
Rocky Road Mini Ice Cream Bars,$5.99 ,$5.99 ,"330 ml, $1.82/100ml",Ice Cream & Desserts,/p/21077477_EA
Ice Cream Bar Double™ Gold Caramel,$4.99 ,$5.49 ,"3x1.0 ea, $1.66/1ea",Ice Cream & Desserts,/p/21512256_EA
Ice Cream Salted Caramel Iced Capp ,$4.99 ,$4.99 ,"500 ml, $1.00/100ml",Ice Cream & Desserts,/p/21439634_EA
New York Plant-Based Cheezecake,$9.99 ,$9.99 ,"400 g, $2.50/100g",Ice Cream & Desserts,20927163001_EA
Exträaz Caramel Cone Explosion Ice Cream,$6.49 ,$6.49 ,"450 ml, $1.44/100ml",Ice Cream & Desserts,/p/21512866_EA
"Plant Based Cake, Chocolate",$6.00 ,$6.00 ,"480 g, $1.25/100g",Ice Cream & Desserts,/p/21412952_EA
Strawberry Cheesecake Ice Cream Bars,$6.49 ,$6.49 ,"3x72.0 ml, $3.00/100ml",Ice Cream & Desserts,/p/21219553_EA
Sliced Cheesecake Selection,$18.99 ,$18.99 ,"12 slices, $1.90/100g",Ice Cream & Desserts,/p/20599530_EA
Yukon Ice Cream Double the Dip with Milk Chocolate,$6.99 ,$6.99 ,"5x140.0 ml, $1.00/100ml",Ice Cream & Desserts,/p/21218580_EA
"Ice Cream Bars Belgian Chocolate, Almond Duet",$4.99 ,$5.49 ,"3 ea, $1.66/1ea",Ice Cream & Desserts,/p/21427861_EA
Ice Cream An Éclair Affair ,$4.99 ,$5.49 ,"473 ml, $1.05/100ml",Ice Cream & Desserts,/p/21512362_EA
French Vanilla & Dark Chocolate Super Cone,$7.49 ,$7.49 ,"8x120.0 ml, $0.78/100ml",Ice Cream & Desserts,/p/21161490_EA
Profiteroles,$13.99 ,$13.99 ,"625 g, $2.24/100g",Ice Cream & Desserts,/p/20079202_EA
Ice Cream Premium the Only Chocolate,$6.99 ,$6.99 ,"2 l, $0.35/100ml",Ice Cream & Desserts,/p/21358849_EA
Dairy Free Chocolate Peanut Butter Plant Based Gelato,$8.99 ,$8.99 ,"562 ml, $1.60/100ml",Ice Cream & Desserts,/p/21357947_EA
Vanilla With A Chocolatey Coating & Almonds Ice Cream Bars,$7.99 ,$7.99 ,"5x55.0 ml, $2.91/100ml",Ice Cream & Desserts,/p/21428986_EA
Non-Dairy Frozen Dessert Oat S'Mores,$7.49 ,$7.49 ,"500 ml, $1.50/100ml",Ice Cream & Desserts,/p/21471279_EA
Mint Chocolate Mini Ice Cream Bars,$5.99 ,$5.99 ,"330 ml, $1.82/100ml",Ice Cream & Desserts,/p/21077475_EA
Peanut Butter Swirl,$6.49 ,$6.49 ,"473 ml, $1.37/100ml",Ice Cream & Desserts,/p/21087003_EA
Premium Ice Cream Bar Cacao Ruby,$6.49 ,$6.49 ,"72 ml, $9.01/100ml",Ice Cream & Desserts,/p/21219782_EA
"Dairy Free Coconut-Based Frozen Dessert, 8 Coconut Sandwiches",$7.79 ,$7.79 ,"68 ml, $11.46/100ml",Ice Cream & Desserts,/p/21310391_EA
Sorbet Mango,$7.49 ,$7.49 ,"2 l, $0.37/100ml",Ice Cream & Desserts,/p/20950028_EA
"Dairy Free Cashew-Based Frozen Dessert, Simply Vanilla",$7.79 ,$7.79 ,"479 ml, $1.56/100ml",Ice Cream & Desserts,/p/21018000_EA
Green Tea Japanese Mochi Ice Confectionary,$4.99 ,$5.49 ,"270 g, $1.85/100g",Ice Cream & Desserts,/p/21247127_EA
Frozen Dessert Bars,$6.49 ,$6.49 ,"72 ml, $9.01/100ml",Ice Cream & Desserts,/p/21219788_EA
Neapolitan,$5.49 ,$5.49 ,"2 l, $0.27/100ml",Ice Cream & Desserts,20315236010_EA
Sorbet Rainbow,$7.49 ,$7.49 ,"2 l, $0.37/100ml",Ice Cream & Desserts,20529120001_EA
Premuim Canadian Collection Double Dark Chocolate Bars,$6.99 ,$6.99 ,"8x55.0 ml, $1.59/100ml",Ice Cream & Desserts,20323757003_EA
Ice Cream Frozen Dessert Creamsicle ,$5.29 ,$5.29 ,"1.66 l, $0.32/100ml",Ice Cream & Desserts,/p/21355608_EA
"Deep Dish Pie Shells, All Vegetable Shortening",$4.79 ,$4.79 ,"340 g, $1.41/100g",Ice Cream & Desserts,20303840006_EA
Cream First Vanilla Ice Cream Bars,$5.99 ,$5.99 ,"340 ml, $1.76/100ml",Ice Cream & Desserts,20759429004_EA
Super Premium Plus Ice Cream Chocolate Lover,$6.49 ,$6.49 ,"500 ml, $1.30/100ml",Ice Cream & Desserts,/p/21511195_EA
Ice Cream Creamery Style Light Kosher Certified Dark Chocolate Truffle ,$7.49 ,$7.49 ,"1.66 l, $0.45/100ml",Ice Cream & Desserts,/p/21428126_EA
No Sugar Added Lactose Free Ice Cream Coffee & Chocolate,$7.99 ,$7.99 ,"1 l, $0.80/100ml",Ice Cream & Desserts,/p/21428907_EA
Ice Cream Creamery Style Light Kosher Certified Caramel Fudge ,$7.49 ,$7.49 ,"1.66 l, $0.45/100ml",Ice Cream & Desserts,/p/21429061_EA
Yuzu Citrus Japanese-Style Cheesecake,$9.99 ,$9.99 ,"420 g, $2.38/100g",Ice Cream & Desserts,/p/21366879_EA
Ice Cream with Fairtrade Ingredients Strawberry Jammin Non-Gmo,$4.99 ,$5.49 ,"473 ml, $1.05/100ml",Ice Cream & Desserts,/p/21428375_EA
Sea Salt Caramel,$6.49 ,$6.49 ,"473 ml, $1.37/100ml",Ice Cream & Desserts,/p/21087002_EA
Dairy Free Mango Pineapple Sorbetto,$8.99 ,$8.99 ,"562 ml, $1.60/100ml",Ice Cream & Desserts,/p/21038769_EA
Dairy-Free Frozen Dessert Dark Chocolate,$10.49 ,$10.49 ,"473 ml, $2.22/100ml",Ice Cream & Desserts,/p/21472182_EA
Dairy-Free Strawberry Rhubarb Sorbet,$8.99 ,$8.99 ,"562 ml, $1.60/100ml",Ice Cream & Desserts,/p/21037753_EA
Ice Pops Tropical Paradise,$5.29 ,$5.29 ,"12 ea, $0.44/1ea",Ice Cream & Desserts,/p/20949266_EA
Cherry Garcia Ice Cream Non-GMO ,$4.99 ,$5.49 ,"473 ml, $1.05/100ml",Ice Cream & Desserts,/p/21428563_EA
Classic Ice Cream Barmade from vanilla beans and unsweetened Belgian chocolate ,$4.99 ,$5.49 ,"3x100.0 ml, $1.66/100ml",Ice Cream & Desserts,20342005002_EA
Premium Caramel Saucy Spots,$6.99 ,$6.99 ,"2 l, $0.35/100ml",Ice Cream & Desserts,/p/20950639_EA
Ice Cream Chocolate Fudge Brownie,$4.99 ,$5.49 ,"473 ml, $1.05/100ml",Ice Cream & Desserts,/p/21428708_EA
Wild Blueberry-Topped New York-Style Cheesecake,$9.99 ,$9.99 ,"600 g, $1.67/100g",Ice Cream & Desserts,/p/20305400_EA
Ice Cream Cookies & Cream,$6.49 ,$6.49 ,"473 ml, $1.37/100ml",Ice Cream & Desserts,/p/21534492_EA
Apple Caramel Blossoms,$4.19 ,$4.19 ,"228 g, $1.84/100g",Ice Cream & Desserts,/p/20801110_EA
Chocolate-Covered Frozen Dessert Peanut Butter Bites,$8.99 ,$8.99 ,"118 ml, $7.62/100ml",Ice Cream & Desserts,/p/21392043_EA
Vanilla Dark Ice Cream Bars,$6.49 ,$6.49 ,"3x88.0 ml, $2.46/100ml",Ice Cream & Desserts,20302298005_EA
Exträaz layers Mint Chocolate Chip Ice Cream,$6.49 ,$6.49 ,"414 ml, $1.57/100ml",Ice Cream & Desserts,/p/21517352_EA
Ice Cream Bars For Chocolate Duet Made with Belgian Chocolate,$4.99 ,$5.49 ,"3 ea, $1.66/1ea",Ice Cream & Desserts,/p/21427909_EA
"Ice Cream, Bars Dark Chocolate Vanilla Almond",$9.99 ,$9.99 ,"324 ml, $3.08/100ml",Ice Cream & Desserts,/p/21402408_EA
Dark Chocolate Caramel Peanut Bar,$9.99 ,$9.99 ,"324 ml, $3.08/100ml",Ice Cream & Desserts,/p/21402360_EA
Classic Ice Cream Barmade from vanilla beans and unsweetened Belgian chocolate ,$4.99 ,$5.49 ,"3x100.0 ml, $1.66/100ml",Ice Cream & Desserts,20342005002_EA
Yukon Chocolate & Salty Caramel Lynx Bar,$6.99 ,$6.99 ,"6x90.0 ml, $1.29/100ml",Ice Cream & Desserts,/p/21012307_EA
Ice Cream Bars For Chocolate Duet Made with Belgian Chocolate,$4.99 ,$5.49 ,"3 ea, $1.66/1ea",Ice Cream & Desserts,/p/21427909_EA
Mei Brown Sugar Boba Icecream Bar ,$7.99 ,$7.99 ,"280 ml, $2.85/100ml",Ice Cream & Desserts,/p/21309979_EA
"Frozen Yogurt, Vanilla",$6.99 ,$6.99 ,"2 l, $0.35/100ml",Ice Cream & Desserts,20314434001_EA
Melona Frozen Dessert Bars Strawberry,$4.98 ,$5.99 ,"560 ml, $0.89/100ml",Ice Cream & Desserts,/p/21020134_EA
Super Premium Plus Ice Cream The Only Strawberry,$6.49 ,$6.49 ,"500 ml, $1.30/100ml",Ice Cream & Desserts,/p/21511087_EA
Ice Cream Chocolate Swirl,$6.49 ,$6.49 ,"473 ml, $1.37/100ml",Ice Cream & Desserts,/p/21534484_EA
Smarties Frozen Dessert 1.,$6.49 ,$6.49 ,"1.5 l, $0.43/100ml",Ice Cream & Desserts,20324757002_EA
Exträaz layers Mint Chocolate Chip Ice Cream,$6.49 ,$6.49 ,"414 ml, $1.57/100ml",Ice Cream & Desserts,/p/21517352_EA
"Ice Cream, Bars Dark Chocolate Vanilla Almond",$9.99 ,$9.99 ,"324 ml, $3.08/100ml",Ice Cream & Desserts,/p/21402408_EA
Dark Chocolate Caramel Peanut Bar,$9.99 ,$9.99 ,"324 ml, $3.08/100ml",Ice Cream & Desserts,/p/21402360_EA
Yogurt Dutch Chocolate,$6.99 ,$6.99 ,"2 l, $0.35/100ml",Ice Cream & Desserts,20314434005_EA
Exträaz Cookies and Cream Ice Cream,$6.49 ,$6.49 ,"450 ml, $1.44/100ml",Ice Cream & Desserts,/p/21512800_EA
Vanilla Matcha Ice Cream,$7.49 ,$7.49 ,"168 ml, $4.46/100ml",Ice Cream & Desserts,/p/21371539_EA
Frozen Dessert Vanilla Bean,$9.99 ,$9.99 ,"473 ml, $2.11/100ml",Ice Cream & Desserts,/p/21399609_EA
Japanese Style Cheesecake Mango,$8.99 ,$8.99 ,"300 g, $3.00/100g",Ice Cream & Desserts,/p/21500497_EA
Caramel Greek Yogurt Smoothie Bars,$6.00 ,$6.00 ,"6x80.0 ml, $1.25/100ml",Ice Cream & Desserts,20538592003_EA
"Yukon Ice Cream Vanilla, Peanuts & Milk Chocolate",$6.99 ,$6.99 ,"5x140.0 ml, $1.00/100ml",Ice Cream & Desserts,/p/21012282_EA
Plant Based Mango Mochi,$5.99 ,$5.99 ,"210 ml, $2.85/100ml",Ice Cream & Desserts,/p/21168696_EA
Dulce De Leche Ice Cream,$6.49 ,$6.49 ,"450 ml, $1.44/100ml",Ice Cream & Desserts,/p/21513648_EA
Strawberry Vanilla Kefir Smoothie Bars,$6.00 ,$6.00 ,"480 ml, $1.25/100g",Ice Cream & Desserts,20839325002_EA
Premium Black Cherry,$6.99 ,$6.99 ,"2 l, $0.35/100ml",Ice Cream & Desserts,20323573013_EA
"Ice Cream, Vanilla Lactose Free Skyr Yogurt Frozen Bars",$6.00 ,$6.00 ,"480 ml, $1.25/100ml",Ice Cream & Desserts,/p/21359068_EA
Non-Dairy Frozen Dessert Cookies + Cream,$7.49 ,$7.49 ,"1.66 l, $0.45/100ml",Ice Cream & Desserts,/p/21086218_EA
Mochi Ice Dessert Green Tea  ,$6.99 ,$7.99 ,"208 g, $3.36/100g",Ice Cream & Desserts,/p/21002189_EA
Super Premium Plus Ice Cream Cold Brew Coffee,$6.49 ,$6.49 ,"500 ml, $1.30/100ml",Ice Cream & Desserts,/p/21511106_EA
Strawberry Mochi ,$5.99 ,$5.99 ,"6x35.0 ml, $2.85/100ml",Ice Cream & Desserts,/p/21167338_EA
Oreo Sandwiches,$6.49 ,$6.49 ,"4x125.0 ml, $1.30/100ml",Ice Cream & Desserts,20304623001_EA
Frozen Dessert for a delicious treat Reese's Peanut Butter Cups,$7.49 ,$7.49 ,"1.66 l, $0.45/100ml",Ice Cream & Desserts,20318551001_EA
Bubble Tea Milk Tea & Brown Sugar,$7.99 ,$7.99 ,"1.41 l, $0.57/100ml",Ice Cream & Desserts,/p/21428245_EA
8 Red Bean Ice Bar,$4.98 ,$4.98 ,"560 ml, $0.89/100ml",Ice Cream & Desserts,/p/21020153_EA
Yogurt Frosty Bar,$7.49 ,$7.49 ,"18x75.0 ml, $0.55/100ml",Ice Cream & Desserts,20072328001_EA
Exträaz Espresso Chocolate Cookie Ice Cream,$6.49 ,$6.49 ,"450 ml, $1.44/100ml",Ice Cream & Desserts,/p/21512886_EA
Plant Based Chocolate Cheesecake-Style Dessert,$6.00 ,$6.00 ,"540 g, $1.11/100g",Ice Cream & Desserts,/p/21247024_EA
"Ice Cream, Campfire S'mores",$4.99 ,$4.99 ,"500 ml, $1.00/100ml",Ice Cream & Desserts,/p/21524708_EA
Frozen Dessert Chocolate,$9.99 ,$9.99 ,"473 ml, $2.11/100ml",Ice Cream & Desserts,/p/21399705_EA
Billy Miner Pie Ice Cream,$6.49 ,$6.49 ,"500 ml, $1.30/100ml",Ice Cream & Desserts,/p/21480537_EA
Plant Based Chocolate Coconut Milk Frozen Dessert,$5.49 ,$5.49 ,"500 ml, $1.10/100ml",Ice Cream & Desserts,/p/20999875_EA
Apple Crisp,$8.49 ,$8.49 ,"650 g, $1.31/100g",Ice Cream & Desserts,/p/20052268_EA
Caramel Almond Crunch Ice Cream Bars,$6.49 ,$6.49 ,"3x88.0 ml, $2.46/100ml",Ice Cream & Desserts,20302298003_EA
Ice Cream  Netflix & Chilll'd Non-GMO ,$4.99 ,$5.49 ,"473 ml, $1.05/100ml",Ice Cream & Desserts,/p/21428265_EA
Dairy-Free Frozen Dessert Madagascan Vanilla Bean,$10.49 ,$10.49 ,"473 ml, $2.22/100ml",Ice Cream & Desserts,/p/21472189_EA
Ice Cream Creamery Style Light Certified Kosher Maple Walnut ,$7.49 ,$7.49 ,"1.66 l, $0.45/100ml",Ice Cream & Desserts,/p/21428005_EA
Madagascar Bourbon Vanilla Ice Cream,$4.49 ,$4.49 ,"500 ml, $0.90/100ml",Ice Cream & Desserts,20604543004_EA
Mango Raspberry Ice Cream Bars,$6.49 ,$6.49 ,"216 ml, $3.00/100ml",Ice Cream & Desserts,/p/21517353_EA
Cream First Chocolate Ice Cream,$7.29 ,$7.29 ,"1.5 l, $0.49/100ml",Ice Cream & Desserts,20757157004_EA
Chocolate Ice Cream,$8.49 ,$8.49 ,"4 l, $0.21/100ml",Ice Cream & Desserts,20311627003_EA
Ice Cream Double Double,$4.99 ,$4.99 ,"500 ml, $1.00/100ml",Ice Cream & Desserts,/p/21524697_EA
Mocha Almond Fudge,$7.79 ,$7.79 ,"272 ml, $2.86/100ml",Ice Cream & Desserts,/p/21310388_EA
Vanilla Milk Ice Cream Bars,$6.49 ,$6.49 ,"3x88.0 ml, $2.46/100ml",Ice Cream & Desserts,20302298004_EA
Exträaz Cookies & Cream Ice Cream Bars,$6.49 ,$6.49 ,"3x72.0 ml, $3.00/100ml",Ice Cream & Desserts,/p/21162648_EA
Neapolitan Ice Cream,$8.49 ,$8.49 ,"4 l, $0.21/100ml",Ice Cream & Desserts,20311627005_EA
Yogurt Cappuccino,$6.99 ,$6.99 ,"2 l, $0.35/100ml",Ice Cream & Desserts,20314434007_EA
"Dairy Free Coconut-Based Frozen Dessert, Vanilla Bean",$7.79 ,$7.79 ,"500 ml, $1.56/100ml",Ice Cream & Desserts,20004536002_EA
Low Fat Frozen Whipped Topping,$4.99 ,$4.99 ,"1 l, $0.50/100ml",Ice Cream & Desserts,20030369003_EA
All-Butter Raspberry-Filled Croissants ,$7.99 ,$7.99 ,"360 g, $2.22/100g",Ice Cream & Desserts,/p/21545122_EA
Strawberry Frozen Fruit Bars,$7.79 ,$7.79 ,"10x50.0 ml, $1.56/100ml",Ice Cream & Desserts,/p/21358638_EA
Mango Raspberry Ice Cream,$6.49 ,$6.49 ,"450 ml, $1.44/100ml",Ice Cream & Desserts,/p/21513244_EA
Dairy-Free Frozen Dessert Chocolate Peanut Butter,$10.49 ,$10.49 ,"473 ml, $2.22/100ml",Ice Cream & Desserts,/p/21472161_EA
"Dairy Free Coconut-Based Frozen Dessert, 4 Coconut Almond Bars",$7.79 ,$7.79 ,"272 ml, $2.86/100ml",Ice Cream & Desserts,/p/21314543_EA
Frozen Dessert Caramel Fudge,$9.99 ,$9.99 ,"473 ml, $2.11/100ml",Ice Cream & Desserts,/p/21399706_EA
Ice Cream Tub,$6.49 ,$6.49 ,"450 ml, $1.44/100ml",Ice Cream & Desserts,/p/21513096_EA
Saucy Vanilla Bean & Salty Caramel Yogurt,$6.99 ,$6.99 ,"2 l, $0.35/100ml",Ice Cream & Desserts,/p/21012580_EA
Gluten Free Chocolate Cake,$18.49 ,$18.49 ,"700 g, $2.64/100g",Ice Cream & Desserts,/p/20686720_EA
Chocolate Caramel Pecan Cluster New York-Style Cheesecake,$9.99 ,$9.99 ,"600 g, $1.67/100g",Ice Cream & Desserts,/p/21395368_EA
Vanilla Yogurt Sandwich,$7.49 ,$7.49 ,"12x120.0 ml, $0.52/100ml",Ice Cream & Desserts,/p/21160863_EA
Drumstick Chocolate Cones,$6.29 ,$6.29 ,"4x140.0 ml, $1.12/100ml",Ice Cream & Desserts,20322380004_EA
Coffee Crisp Frozen Dessert Bars,$6.49 ,$6.49 ,"400 ml, $1.62/100ml",Ice Cream & Desserts,/p/21219775_EA
Chocolate Marble Ice Cream,$8.49 ,$8.49 ,"4 l, $0.21/100ml",Ice Cream & Desserts,20311627004_EA
"Drumstick, Vanilla Fudge/Vanilla Caramel",$23.99 ,$23.99 ,"18x140.0 ml, $0.95/100ml",Ice Cream & Desserts,/p/20420070_EA
Plant Based Vanilla Delights,$5.99 ,$5.99 ,"180 g, $3.33/100g",Ice Cream & Desserts,/p/21470563_EA
Strawberry Marble Ice Cream,$8.49 ,$8.49 ,"4 l, $0.21/100ml",Ice Cream & Desserts,20311627002_EA
Ice Milk Neapolitan Club Size,$6.99 ,$6.99 ,"4 l, $0.17/100ml",Ice Cream & Desserts,20793444002_EA
Drumstick KitKat Frozen Dessert Cones,$6.29 ,$6.29 ,"4x135.0 ml, $1.16/100ml",Ice Cream & Desserts,/p/21358749_EA
Ice Cream Canadian Collection Bars Cookies & Cream & Milk Chocolate ,$6.99 ,$6.99 ,"8x55.0 ml, $1.59/100ml",Ice Cream & Desserts,/p/21358992_EA
Caramel and Vanilla Cone with Chocolate Centre,$7.49 ,$7.49 ,"8x120.0 ml, $0.78/100ml",Ice Cream & Desserts,20117581002_EA
"Lifesavers Ice Pops, Five Flavour",$6.49 ,$6.49 ,"10x65.0 ml, $1.00/100ml",Ice Cream & Desserts,/p/21013069_EA
No Sugar Added Vanilla,$7.99 ,$7.99 ,"1 l, $0.80/100ml",Ice Cream & Desserts,20315564001_EA
Deep'n Delicious Marble Cake,$7.99 ,$7.99 ,"510 g, $1.57/100g",Ice Cream & Desserts,20310132001_EA
"Pie Shells, Original",$4.79 ,$4.79 ,"320 g, $1.50/100g",Ice Cream & Desserts,20303840003_EA
KitKat Frozen Dessert Bars,$6.49 ,$6.49 ,"5x80.0 ml, $1.62/100ml",Ice Cream & Desserts,/p/21162996_EA
Assorted Creamy Super Bar,$7.49 ,$7.49 ,"18x75.0 ml, $0.55/100ml",Ice Cream & Desserts,/p/21161101_EA
Strawberry Skyr Icelandic-Style Lactose Free Frozen Bars,$6.00 ,$6.00 ,"480 ml, $1.25/100ml",Ice Cream & Desserts,/p/21359075_EA
Loads Of Cherries & Chocolatey Chunks Light Ice Cream,$6.99 ,$6.99 ,"1.5 l, $0.47/100ml",Ice Cream & Desserts,20746245002_EA
Loads Of Chocolatey Peanut Butter Treats Light Ice Cream,$6.99 ,$6.99 ,"1.5 l, $0.47/100ml",Ice Cream & Desserts,/p/20757538_EA
Yukon French Vanilla Moose Sandwich,$6.99 ,$6.99 ,"8x150.0 ml, $0.58/100ml",Ice Cream & Desserts,/p/20950270_EA
Cream First Vanilla Ice Cream with Chocolate Fudge Crackle,$7.29 ,$7.29 ,"1.5 l, $0.49/100ml",Ice Cream & Desserts,20757157006_EA
Oreo Ice Cream,$6.49 ,$6.49 ,"1.5 l, $0.43/100ml",Ice Cream & Desserts,20324757003_EA
Super Premium Plus Ice Cream Salty Caramel Crunch,$6.49 ,$6.49 ,"500 ml, $1.30/100ml",Ice Cream & Desserts,/p/21511147_EA
"Dairy Free Cashew-Based Frozen Dessert, Cinnamon Cookie Dough",$7.79 ,$7.79 ,"479 ml, $1.56/100ml",Ice Cream & Desserts,/p/21017993_EA
"Dairy Free Cashew-Based Frozen Dessert, Creamy Chocolate",$7.79 ,$7.79 ,"479 ml, $1.56/100ml",Ice Cream & Desserts,/p/21017996_EA
Premuim Canadian Collection Caramel Praline Bumpy Bar,$6.99 ,$6.99 ,"8x55.0 ml, $1.59/100ml",Ice Cream & Desserts,20853030002_EA
Strawberry Shortcake,$6.99 ,$6.99 ,"2 l, $0.35/100ml",Ice Cream & Desserts,/p/21082120_EA
Cherry-Topped New York-Style Cheesecake,$9.99 ,$9.99 ,"600 g, $1.67/100g",Ice Cream & Desserts,/p/20147627_EA
"Ice Cream, Non-Dairy Frozen Dessert Peanut Butter Half Baked Vegan",$4.99 ,$5.50 ,"473 ml, $1.05/100ml",Ice Cream & Desserts,/p/21428517_EA
Almond Ice Cream Bar covered with Belgian chocolate ,$4.99 ,$5.49 ,"3x100.0 ml, $1.66/100ml",Ice Cream & Desserts,20342005003_EA
Original New York- Style Cheesecake,$9.99 ,$9.99 ,"600 g, $1.67/100g",Ice Cream & Desserts,/p/20318102_EA
Double Raspberry Ice Cream Bar dipped in a chocolatey coating,$4.99 ,$5.49 ,"3x90.0 ml, $1.85/100ml",Ice Cream & Desserts,/p/20949122_EA
Ice Cream with Fairtrade Ingredients S'More Please! Non-Gmo,$4.99 ,$5.49 ,"473 ml, $1.05/100ml",Ice Cream & Desserts,/p/21428378_EA
Strawberries and Cream Ice Cream Bars,$6.49 ,$6.49 ,"216 ml, $3.00/100ml",Ice Cream & Desserts,/p/21517354_EA
No Sugar Added Maple Walnut,$7.99 ,$7.99 ,"1 l, $0.80/100ml",Ice Cream & Desserts,20315564006_EA
Vanilla Ice Cream,$4.69 ,$4.69 ,"946 ml, $0.50/100ml",Ice Cream & Desserts,20299983011_EA
"Ice Cream, Twice Dipped Caramel Belgian Chocolate",$4.99 ,$5.49 ,"3 ea, $1.66/1ea",Ice Cream & Desserts,/p/21427867_EA
Premium Chocolate Saucy Spots,$6.99 ,$6.99 ,"2 l, $0.35/100ml",Ice Cream & Desserts,/p/20950732_EA
3 Of a Kind Vanilla,$6.99 ,$6.99 ,"2 l, $0.35/100ml",Ice Cream & Desserts,/p/21082102_EA
Truffle Salted Caramel Ice Cream Tub,$6.49 ,$6.49 ,"450 ml, $1.44/100ml",Ice Cream & Desserts,/p/21517357_EA
Premium Butter Pecan,$6.99 ,$6.99 ,"2 l, $0.35/100ml",Ice Cream & Desserts,20323573003_EA
"Swirl Smoothie Bars, Orange",$6.00 ,$6.00 ,"6x80.0 ml, $1.25/100ml",Ice Cream & Desserts,20538593003_EA
Mini Double Ice Cream Bar made from vanilla beans and unsweetened Belgian chocolate ,$4.99 ,$5.49 ,"4x55.0 ml, $2.27/100ml",Ice Cream & Desserts,20561196002_EA
Sweet And Salty Caramel Cones,$6.29 ,$6.29 ,"520 ml, $1.21/100ml",Ice Cream & Desserts,/p/20854795_EA
Wholly Gluten Free Two 9” (23 Cm) Pie Shells,$11.49 ,$11.49 ,"425 g, $2.70/100g",Ice Cream & Desserts,/p/21108807_EA
Deep'n Delicious Cookies and Cream Cake,$7.99 ,$7.99 ,"510 g, $1.57/100g",Ice Cream & Desserts,/p/21165513_EA
Family Classic Frozen Dessert Chocolate Chip Cookie Dough,$5.29 ,$5.29 ,"1.66 l, $0.32/100ml",Ice Cream & Desserts,20301305008_EA
Exträaz Cookie Dough Dynamo Ice Cream Bars,$6.49 ,$6.49 ,"3x72.0 ml, $3.00/100ml",Ice Cream & Desserts,/p/21162645_EA
Ice Cream Churr-eh for Churros!™,$4.99 ,$5.49 ,"473 ml, $1.05/100ml",Ice Cream & Desserts,/p/21512278_EA
Plant-Based Frozen Dessert Cones Caramel,$6.29 ,$6.29 ,"480 ml, $1.31/100ml",Ice Cream & Desserts,/p/21524189_EA
Frozen Mini Eclairs,$14.99 ,$14.99 ,"710 g, $2.11/100g",Ice Cream & Desserts,/p/20004726_EA
"Ice Cream, Vanilla Bean ",$6.49 ,$6.49 ,"473 ml, $1.37/100ml",Ice Cream & Desserts,/p/21534470_EA
"Ice Cream Bar, Cookie Duet",$4.99 ,$5.49 ,"3 ea, $1.66/1ea",Ice Cream & Desserts,/p/21427872_EA
All-Butter Pains au Chocolat ,$7.99 ,$7.99 ,"320 g, $2.50/100g",Ice Cream & Desserts,/p/21545086_EA
Chocolate Ice Cream made with fresh cream and rich cocoa ,$7.49 ,$7.49 ,"1.66 l, $0.45/100ml",Ice Cream & Desserts,20344925002_EA
"Ice Cream, Non-Dairy Frozen Dessert with Fairtrade Ingredients Vegan",$4.99 ,$5.50 ,"473 ml, $1.05/100ml",Ice Cream & Desserts,/p/21428758_EA
The Decadent Double Chocolate Cream Pie,$10.99 ,$10.99 ,"830 g, $1.32/100g",Ice Cream & Desserts,/p/21431087_EA
Frozen Banana & Strawberry Ice Cream,$5.79 ,$5.79 ,"40 g, $14.48/100g",Ice Cream & Desserts,/p/21469814_EA
Frozen Profiteroles Chocolate Enrobed,$13.99 ,$13.99 ,"490 g, $2.86/100g",Ice Cream & Desserts,/p/20122270_EA
Dairy Free Cocowhip Original Frozen Topping,$6.99 ,$6.99 ,"266 ml, $2.63/100ml",Ice Cream & Desserts,/p/20931002_EA
Birthday Cake Timbits Ice Cream,$4.99 ,$4.99 ,"500 ml, $1.00/100ml",Ice Cream & Desserts,/p/21439622_EA
Mini Vanilla Caramel Ice Cream Cone,$6.29 ,$6.29 ,"63 ml, $9.98/100ml",Ice Cream & Desserts,/p/21219793_EA
Coconut Cream Pie,$10.99 ,$10.99 ,"830 g, $1.32/100g",Ice Cream & Desserts,/p/21108172_EA
Loads Of Chocolatey Caramel Treats Light Ice Cream,$6.99 ,$6.99 ,"1.5 l, $0.47/100ml",Ice Cream & Desserts,20746245004_EA
Cream First Vanilla Almond Ice Cream Bars,$5.99 ,$5.99 ,"340 ml, $1.76/100ml",Ice Cream & Desserts,20759429005_EA
Mixed Berry & Peach Ice Pops,$7.79 ,$7.79 ,"10x50.0 ml, $1.56/100ml",Ice Cream & Desserts,/p/21358453_EA
Triple Chocolate Cookie Dough Ice Cream Bites,$5.99 ,$5.99 ,"180 ml, $3.33/100ml",Ice Cream & Desserts,/p/21506910_EA
Vanilla Bean Mochi,$5.99 ,$5.99 ,"6x35.0 ml, $2.85/100ml",Ice Cream & Desserts,/p/21166581_EA
Float Pops,$10.00 ,$10.00 ,"30x60.0 ml, $0.56/100ml",Ice Cream & Desserts,/p/21283329_EA
Lavender Lemonade Flavoured Ice Pops,$5.99 ,$5.99 ,"6x60.0 ml, $1.66/100ml",Ice Cream & Desserts,/p/21432007_EA
Frozen Dessert Bar Boba Matcha Latte,$7.99 ,$7.99 ,"280 ml, $2.85/100ml",Ice Cream & Desserts,/p/21451403_EA
"Ice Cream, Strawberry Japanese Mochi Ice Confectionary",$4.99 ,$5.49 ,"270 g, $1.85/100g",Ice Cream & Desserts,/p/21247132_EA
Mochi Ice Dessert Cool Mix  ,$6.99 ,$7.99 ,"208 g, $3.36/100g",Ice Cream & Desserts,/p/21002188_EA
Plant Based Peanut Butter Delights,$5.99 ,$5.99 ,"180 g, $3.33/100g",Ice Cream & Desserts,/p/21470555_EA
Mint Chocolate Ice Cream,$4.69 ,$4.69 ,"946 ml, $0.50/100ml",Ice Cream & Desserts,20299983005_EA
Ice Cream Miniatures Vanilla Almond Bars,$6.49 ,$6.49 ,"4x55.0 ml, $2.95/100ml",Ice Cream & Desserts,20316023001_EA
"Ice Cream, Shakesicle Dairy Frozen Dessert Strawberry Made In Canada",$5.29 ,$5.29 ,"1.66 l, $0.32/100ml",Ice Cream & Desserts,/p/21428016_EA
Melona Frozen Dessert Bars Banana,$4.98 ,$5.99 ,"560 ml, $0.89/100ml",Ice Cream & Desserts,/p/21020137_EA
Butterscotch Marble Ice Cream,$8.49 ,$8.49 ,"4 l, $0.21/100ml",Ice Cream & Desserts,20311627006_EA
Premium Caramel Praline,$6.99 ,$6.99 ,"2 l, $0.35/100ml",Ice Cream & Desserts,20323573002_EA
Canadian Blueberries & Cream Frozen Yogurt,$6.99 ,$6.99 ,"2 l, $0.35/100ml",Ice Cream & Desserts,/p/21428866_EA
"Deep'n Delicious® MINIS Chocolate Brownie Cake Cups, 4-pk",$7.99 ,$7.99 ,"340 g, $2.35/100g",Ice Cream & Desserts,/p/21477842_EA
Plant Based Mango Coconut Milk Frozen Dessert,$5.49 ,$5.49 ,"500 ml, $1.10/100ml",Ice Cream & Desserts,/p/20999874_EA
Lemon Skyr Icelandic-Style Lactose Free Frozen Bars,$6.00 ,$6.00 ,"480 ml, $1.25/100ml",Ice Cream & Desserts,/p/21074208_EA
Plant Based Coconut Milk Frozen Dessert,$5.49 ,$5.49 ,"500 ml, $1.10/100ml",Ice Cream & Desserts,/p/20999873_EA
Melona Frozen Dessert Bars Mango,$4.98 ,$5.99 ,"560 ml, $0.89/100ml",Ice Cream & Desserts,/p/21020136_EA
Melona Frozen Dessert Bars Honeydew Melon,$4.98 ,$5.99 ,"560 ml, $0.89/100ml",Ice Cream & Desserts,/p/21020135_EA
"Ice Cream, Melona Frozen Dairy Dessert Bars Coconut",$4.98 ,$5.99 ,"560 ml, $0.89/100ml",Ice Cream & Desserts,/p/21020149_EA
Chapman's Vanilla Ice Cream,$9.99 ,$9.99 ,"4 l, $0.25/100ml",Ice Cream & Desserts,20594806003_EA
Berries & Cherries Skyr Icelandic-Style Yogurt Bars,$6.00 ,$6.00 ,"480 ml, $1.25/100ml",Ice Cream & Desserts,/p/21074199_EA
Double Decker Sandwich,$7.49 ,$7.49 ,"12x120.0 ml, $0.52/100ml",Ice Cream & Desserts,/p/21160862_EA
Cream First Vanilla Bean Ice Cream ,$7.29 ,$7.29 ,"1.5 l, $0.49/100ml",Ice Cream & Desserts,20757157002_EA
"Yukon Ice Cream Vanilla, Almonds & Milk Chocolate",$6.99 ,$6.99 ,"5x140.0 ml, $1.00/100ml",Ice Cream & Desserts,/p/21012281_EA
"Ice Cream, Japanese Mochi Ice Confectionary Chocolate, 9 Pieces",$4.99 ,$5.99 ,"270 g, $1.85/100g",Ice Cream & Desserts,/p/21246872_EA
Ice Cream Twister Super Cone 8 x 120 ml,$7.49 ,$7.49 ,"8x120.0 ml, $0.78/100ml",Ice Cream & Desserts,/p/21359245_EA
"Ice Cream, Non-Dairy Frozen Dessert Chocolate Fudge Brownie",$4.99 ,$5.50 ,"473 ml, $1.05/100ml",Ice Cream & Desserts,/p/21428383_EA
Frozen Salted Caramel,$7.79 ,$7.79 ,"272 ml, $2.86/100ml",Ice Cream & Desserts,/p/21310387_EA
"Mini Ice Cream Bars, Almond",$4.99 ,$5.49 ,"4x55.0 ml, $2.27/100ml",Ice Cream & Desserts,20561196001_EA
Frozen Dessert Coffee Chip,$9.99 ,$9.99 ,"473 ml, $2.11/100ml",Ice Cream & Desserts,/p/21399684_EA
Plant Based Peanut Butter & Chocolatey Flakes Coconut Milk Frozen Dessert,$5.49 ,$5.49 ,"500 ml, $1.10/100ml",Ice Cream & Desserts,/p/21167643_EA
Cookie Dough,$6.49 ,$6.49 ,"473 ml, $1.37/100ml",Ice Cream & Desserts,/p/21087007_EA
Chocolate hazelnut Ice Cream,$4.49 ,$4.49 ,"500 ml, $0.90/100ml",Ice Cream & Desserts,/p/21361893_EA
Double Decker New York-Style Cheesecake,$9.99 ,$9.99 ,"600 g, $1.67/100g",Ice Cream & Desserts,/p/20287738_EA
"Dairy Free Coconut-Based Frozen Dessert, Cookie Dough",$7.79 ,$7.79 ,"500 ml, $1.56/100ml",Ice Cream & Desserts,/p/20930959_EA
No Sugar Added Lactose Free Ice Cream Salty Caramel & Peanuts,$7.99 ,$7.99 ,"1 l, $0.80/100ml",Ice Cream & Desserts,/p/21428903_EA
Dairy-Free Frozen Dessert Sea Salt Caramel Chocolate,$10.49 ,$10.49 ,"473 ml, $2.22/100ml",Ice Cream & Desserts,/p/21472176_EA
Tiramisu Torte,$23.99 ,$23.99 ,"1.4 kg, $1.71/100g",Ice Cream & Desserts,/p/20588159_EA
Chocolate Chip Cookie Dough,$9.49 ,$9.49 ,"454 g, $2.09/100g",Ice Cream & Desserts,/p/20686804_EA
Fruit Bars,$6.00 ,$6.00 ,"12x75.0 ml, $0.67/100ml",Ice Cream & Desserts,/p/20175385_EA
Saucy Spots - Caramel Sandwich,$7.49 ,$7.49 ,"12x12.0 ea, $0.52/100ml",Ice Cream & Desserts,/p/20961233_EA
"Dairy Free Oat-Based Frozen Dessert, Oatmeal Cookie",$7.79 ,$7.79 ,"500 ml, $1.56/100ml",Ice Cream & Desserts,/p/21301638_EA
Drumstick Oreo,$6.29 ,$6.29 ,"135 ml, $1.16/100ml",Ice Cream & Desserts,20322380002_EA
Loads Of Chocolatey Chip Cookie Dough Light Ice Cream,$6.99 ,$6.99 ,"1.5 l, $0.47/100ml",Ice Cream & Desserts,20746245007_EA
No Sugar Added NSA Vanilla Sandwiches,$7.99 ,$7.99 ,"6x120.0 ml, $1.11/100ml",Ice Cream & Desserts,20299152003_EA
Vanilla Sky Bites,$8.99 ,$8.99 ,"118 ml, $7.62/100ml",Ice Cream & Desserts,/p/21392037_EA
Mini Key Lime Pies,$4.69 ,$4.69 ,"243.8 g, $1.93/100g",Ice Cream & Desserts,/p/20823700_EA
"8"" Turtle Cheesecake",$23.99 ,$23.99 ,"1.37 kg, $1.75/100g",Ice Cream & Desserts,/p/20503583_EA
Peanut Butter Chocolate Bar,$9.99 ,$9.99 ,"324 ml, $3.08/100ml",Ice Cream & Desserts,/p/21402467_EA
Chocolate Chip Cookie Dough Ice Cream ,$4.99 ,$5.49 ,"473 ml, $1.05/100ml",Ice Cream & Desserts,/p/21428390_EA
Field Berry Yogurt Smoothie Bars,$6.00 ,$6.00 ,"6x80.0 ml, $1.25/100ml",Ice Cream & Desserts,20302849003_EA
Ice Cream Boston Cream,$4.99 ,$4.99 ,"500 ml, $1.00/100ml",Ice Cream & Desserts,/p/21524704_EA
Plant-Based Vanilla Raspberry Truffle Frozen Dessert,$6.49 ,$6.49 ,"400 ml, $1.62/100ml",Ice Cream & Desserts,/p/21517271_EA
Ice Cream Creamery Style Light Gluten-Free Dark Cherry Vanilla ,$7.49 ,$7.49 ,"1.66 l, $0.45/100ml",Ice Cream & Desserts,/p/21428013_EA
"8"" Fab Four Cheesecake",$23.99 ,$23.99 ,"1.37 kg, $1.75/100g",Ice Cream & Desserts,/p/20503584_EA
Vanilla Swiss Almond,$6.49 ,$6.49 ,"450 ml, $1.44/100ml",Ice Cream & Desserts,/p/21513344_EA
Ice Cream Bar White kosher,$4.99 ,$5.49 ,"3x100.0 ml, $1.66/100ml",Ice Cream & Desserts,20342005001_EA
Light Whipped Topping,$3.79 ,$3.79 ,"1 l, $0.38/100ml",Ice Cream & Desserts,20113422002_EA
"Ice Cream, Melona Purple Yam Frozen Dessert Bars",$4.98 ,$5.99 ,"560 ml, $0.89/100ml",Ice Cream & Desserts,/p/21377513_EA
Vanilla Mochi,$4.99 ,$4.99 ,"270 g, $1.85/100g",Ice Cream & Desserts,/p/21247111_EA
Peanut Butter Fudge Smoothie Frozen Dairy Dessert Bars,$6.00 ,$6.00 ,"6x80.0 ml, $1.25/100ml",Ice Cream & Desserts,/p/20923627_EA
Maple Crunch Ice Cream,$4.69 ,$4.69 ,"946 ml, $0.50/100ml",Ice Cream & Desserts,/p/21221442_EA
Vanilla Frozen Yogurt,$4.49 ,$4.49 ,"2 l, $0.22/100ml",Ice Cream & Desserts,20311642002_EA
Raspberry Hibiscus Flavoured Ice Pops,$5.99 ,$5.99 ,"6x60.0 ml, $1.66/100ml",Ice Cream & Desserts,/p/21432016_EA
"Ice Cream, Canadian Peaches & Cream Frozen Yogurt",$6.99 ,$6.99 ,"2 l, $0.35/100ml",Ice Cream & Desserts,/p/21428892_EA
Rocky Road Ice Cream,$4.69 ,$4.69 ,"946 ml, $0.50/100ml",Ice Cream & Desserts,/p/21013145_EA
Super Premium Plus Ice Cream Vanilla Trilogy,$6.49 ,$6.49 ,"500 ml, $1.30/100ml",Ice Cream & Desserts,/p/21511200_EA
Yukon French Vanilla & Almond Lynx Bar,$6.99 ,$6.99 ,"6x90.0 ml, $1.29/100ml",Ice Cream & Desserts,/p/21012283_EA
COFFEE CRISP Frozen Dessert Cones,$6.29 ,$6.29 ,"540 ml, $1.16/100ml",Ice Cream & Desserts,/p/21517361_EA
Salted Caramel Ice Cream,$4.49 ,$4.49 ,"500 ml, $0.90/100ml",Ice Cream & Desserts,20604543003_EA
Rolo Frozen Dessert,$6.49 ,$6.49 ,"1.5 l, $0.43/100ml",Ice Cream & Desserts,20322085001_EA
Cream First Vanilla Ice Cream,$7.29 ,$7.29 ,"1.5 l, $0.49/100ml",Ice Cream & Desserts,20757157003_EA
Yogurt Maple Walnut,$6.99 ,$6.99 ,"2 l, $0.35/100ml",Ice Cream & Desserts,20314434008_EA
Vanilla Ice Milk,$6.99 ,$6.99 ,"4 l, $0.17/100ml",Ice Cream & Desserts,20793444003_EA
Lolly Water Ice Novelty Soda Pop Flavor,$6.79 ,$6.79 ,"28x50.0 ml, $0.49/100ml",Ice Cream & Desserts,/p/21218567_EA
Sliced Strawberries,$5.49 ,$5.49 ,"600 g, $0.92/100g",Frozen Fruit & Vegetables,/p/20312227_EA
Blueberries Cultivated,$5.49 ,$5.49 ,"600 g, $0.92/100g",Frozen Fruit & Vegetables,/p/21377841_EA
Broccoli Florets,$4.49 ,$4.49 ,"500 g, $0.90/100g",Frozen Fruit & Vegetables,/p/20318915_EA
Naturally Imperfect Frozen Berry Blend,$13.00 ,$13.00 ,"2 kg, $0.65/100g",Frozen Fruit & Vegetables,/p/21480144_EA
Green Peas,$2.49 ,$2.49 ,"750 g, $0.33/100g",Frozen Fruit & Vegetables,/p/20312260_EA
Mango Chunks ,$5.49 ,$5.49 ,"600 g, $0.92/100g",Frozen Fruit & Vegetables,/p/20296356_EA
Whole Kernel Corn,$2.49 ,$2.49 ,"750 g, $0.33/100g",Frozen Fruit & Vegetables,/p/20306375_EA
Mixed Vegetables,$2.49 ,$2.49 ,"750 g, $0.33/100g",Frozen Fruit & Vegetables,/p/20301012_EA
Canadian Wild Blueberries,$5.49 ,$5.49 ,"400 g, $1.37/100g",Frozen Fruit & Vegetables,/p/21381753_EA
Summer Sweet Peas,$4.49 ,$4.49 ,"750 g, $0.60/100g",Frozen Fruit & Vegetables,/p/21022302_EA
Edamame,$4.49 ,$4.49 ,"500 g, $0.90/100g",Frozen Fruit & Vegetables,/p/20308556_EA
Peas and Carrots,$2.49 ,$2.49 ,"750 g, $0.33/100g",Frozen Fruit & Vegetables,/p/20295818_EA
Whole Leaf Spinach,$1.79 ,$1.79 ,"300 g, $0.60/100g",Frozen Fruit & Vegetables,20301191002_EA
Mixed Vegetables,$5.99 ,$5.99 ,"2 kg, $0.30/100g",Frozen Fruit & Vegetables,/p/20316388_EA
Blueberries,$13.00 ,$13.00 ,"2 kg, $0.65/100g",Frozen Fruit & Vegetables,/p/21033164_EA
"Green Peas, Club Size",$5.99 ,$5.99 ,"2 kg, $0.30/100g",Frozen Fruit & Vegetables,/p/20319825_EA
Petite Pois Small Sweet Peas,$4.49 ,$4.49 ,"750 g, $0.60/100g",Frozen Fruit & Vegetables,/p/20314960_EA
Peaches N Cream Corn,$4.49 ,$4.49 ,"750 g, $0.60/100g",Frozen Fruit & Vegetables,/p/21022270_EA
Pitted Dark Sweet Cherries ,$5.49 ,$5.49 ,"600 g, $0.92/100g",Frozen Fruit & Vegetables,/p/20419259_EA
"Peaches, Strawberries, Pineapple & Mango 4-Fruit Blend",$5.49 ,$5.49 ,"600 g, $0.92/100g",Frozen Fruit & Vegetables,/p/20612667_EA
"Dark Sweet Cherries, Blueberries and Blackberries Power Fruit Blend ",$5.49 ,$5.49 ,"600 g, $0.92/100g",Frozen Fruit & Vegetables,/p/20910293_EA
Peaches & Cream Corn ,$4.49 ,$4.49 ,"750 g, $0.60/100g",Frozen Fruit & Vegetables,/p/20302676_EA
"Mangoes, Strawberries & Peaches Fruit Blend",$5.49 ,$5.49 ,"600 g, $0.92/100g",Frozen Fruit & Vegetables,/p/21034229_EA
Peas Tender Young,$4.49 ,$4.49 ,"750 g, $0.60/100g",Frozen Fruit & Vegetables,/p/21022277_EA
Extra Fine Whole Green Beans ,$4.49 ,$4.49 ,"500 g, $0.90/100g",Frozen Fruit & Vegetables,/p/20431124_EA
California Blend Mixed Vegetables,$2.49 ,$2.49 ,"750 g, $0.33/100g",Frozen Fruit & Vegetables,/p/20316412_EA
Whole Strawberries,$13.00 ,$13.00 ,"2 kg, $0.65/100g",Frozen Fruit & Vegetables,/p/21033168_EA
"Pineapple, Dragon Fruit & Passion Fruit Tropical Fruit Blend",$5.49 ,$5.49 ,"500 g, $1.10/100g",Frozen Fruit & Vegetables,/p/21289952_EA
Chopped Spinach,$4.49 ,$4.49 ,"500 g, $0.90/100g",Frozen Fruit & Vegetables,/p/21096445_EA
California Blend Veggies,$5.99 ,$5.99 ,"2 kg, $0.30/100g",Frozen Fruit & Vegetables,/p/20185642_EA
Whole Kernel Corn,$5.99 ,$5.99 ,"2 kg, $0.30/100g",Frozen Fruit & Vegetables,/p/20174632_EA
Whole Green Beans,$2.49 ,$2.49 ,"750 g, $0.33/100g",Frozen Fruit & Vegetables,/p/20323647_EA
"Strawberries, Raspberries, Blackberries & Blueberries 4-Berry Blend, Club Size",$14.99 ,$14.99 ,"2 kg, $0.75/100g",Frozen Fruit & Vegetables,/p/21099410_EA
Baby Brussels Sprouts ,$4.49 ,$4.49 ,"500 g, $0.90/100g",Frozen Fruit & Vegetables,/p/20159634_EA
Naturally Imperfect Mango,$13.00 ,$13.00 ,"2 kg, $0.65/100g",Frozen Fruit & Vegetables,/p/21033161_EA
Pineapple Chunks,$5.49 ,$5.49 ,"600 g, $0.92/100g",Frozen Fruit & Vegetables,/p/20977547_EA
Butternut Squash Chunks ,$4.49 ,$4.49 ,"750 g, $0.60/100g",Frozen Fruit & Vegetables,/p/20896742_EA
Chopped Spinach,$1.79 ,$1.79 ,"300 g, $0.60/100g",Frozen Fruit & Vegetables,/p/20611796_EA
Mixed Garden Vegetables,$2.49 ,$2.49 ,"750 g, $0.33/100g",Frozen Fruit & Vegetables,/p/20302205_EA
Wild Blueberries,$14.99 ,$14.99 ,"1.5 kg, $1.00/100g",Frozen Fruit & Vegetables,/p/21381732_EA
Banana - Sliced,$5.49 ,$5.49 ,"600 g, $0.92/100g",Frozen Fruit & Vegetables,/p/21289947_EA
Cut Green Beans,$2.49 ,$2.49 ,"750 g, $0.33/100g",Frozen Fruit & Vegetables,/p/20304191_EA
Avocado Chunks,$5.49 ,$5.49 ,"400 g, $1.37/100g",Frozen Fruit & Vegetables,/p/20977541_EA
"Peas & Carrots, Club Size",$5.99 ,$5.99 ,"2 kg, $0.30/100g",Frozen Fruit & Vegetables,/p/20161396_EA
Mixed Vegetables,$4.49 ,$4.49 ,"750 g, $0.60/100g",Frozen Fruit & Vegetables,/p/21022268_EA
"Frozen Strawberries, Whole",$5.49 ,$5.49 ,"600 g, $0.92/100g",Frozen Fruit & Vegetables,/p/20321043_EA
Sliced Peaches,$5.49 ,$5.49 ,"600 g, $0.92/100g",Frozen Fruit & Vegetables,/p/20419135_EA
3 Pepper & Onion Blend,$4.49 ,$4.49 ,"500 g, $0.90/100g",Frozen Fruit & Vegetables,/p/21106195_EA
Cauliflower Florets,$4.49 ,$4.49 ,"500 g, $0.90/100g",Frozen Fruit & Vegetables,/p/20297987_EA
Chopped Kale,$4.49 ,$4.49 ,"500 g, $0.90/100g",Frozen Fruit & Vegetables,/p/21000963_EA
Valley Selections Cheddar Pasta With Vegetables,$4.79 ,$4.79 ,"500 g, $0.96/100g",Frozen Fruit & Vegetables,/p/21022371_EA
"Sliced Okra, Bhindi",$4.49 ,$4.49 ,"1 kg, $0.45/100g",Frozen Fruit & Vegetables,/p/20379701_EA
Bangkok-Style Vegetable Blend ,$4.49 ,$4.49 ,"500 g, $0.90/100g",Frozen Fruit & Vegetables,/p/20896687_EA
"Valley Selections Essentials, Antioxidant Italian Blend",$4.79 ,$4.79 ,"400 g, $1.20/100g",Frozen Fruit & Vegetables,/p/21022376_EA
Valley Selections Stir Fry Medley,$4.79 ,$4.79 ,"400 g, $1.20/100g",Frozen Fruit & Vegetables,/p/21022981_EA
Bold Gold Mango Pineapple Smoothie Blend,$4.99 ,$4.99 ,"450 g, $1.11/100g",Frozen Fruit & Vegetables,/p/21397887_EA
Edamame Pods,$15.49 ,$15.49 ,"2.7 kg, $0.57/100g",Frozen Fruit & Vegetables,/p/20248289_EA
"Whole Okra, Bhindi",$4.49 ,$4.49 ,"1 kg, $0.45/100g",Frozen Fruit & Vegetables,/p/20379399_EA
Oven Roasters Seasoned Red Potato Wedges & Onions,$4.99 ,$4.99 ,"425 g, $1.17/100g",Frozen Fruit & Vegetables,/p/21449250_EA
Tropi-Green Pineapple Kale Smoothie Blend,$6.99 ,$6.99 ,"450 g, $1.55/100g",Frozen Fruit & Vegetables,/p/21416758_EA
Smoothie Cubes Touk-Touk,$11.99 ,$11.99 ,"405 g, $2.96/100g",Frozen Fruit & Vegetables,/p/21122177_EA
Organics Diced Onions,$5.49 ,$5.49 ,"12x500.0 g, $1.10/100g",Frozen Fruit & Vegetables,/p/21418724_EA
"Nature's Bananas, Frozen Fresh in Peanut Butter & Dark Chocolate",$6.49 ,$6.49 ,"170 g, $3.82/100g",Frozen Fruit & Vegetables,/p/21516001_EA
Blueberries Cultivated,$14.99 ,$14.99 ,"2 kg, $0.75/100g",Frozen Fruit & Vegetables,/p/21380700_EA
Ready Veggie Cuts Sweet Potato,$5.49 ,$5.49 ,"350 g, $1.57/100g",Frozen Fruit & Vegetables,/p/21400558_EA
Riced Veggies Lime Cilantro,$5.29 ,$5.29 ,"283 g, $1.87/100g",Frozen Fruit & Vegetables,/p/21438930_EA
Smoothie Cubes Samouraï,$11.99 ,$11.99 ,"405 g, $2.96/100g",Frozen Fruit & Vegetables,/p/21122182_EA
Cauliflower Riced Veggies,$5.29 ,$5.29 ,"340 g, $1.56/100g",Frozen Fruit & Vegetables,/p/21042027_EA
"Nature's Pineapple Frozen Fresh in White Chocolate & Coconut, Pina Colada",$6.49 ,$6.49 ,"170 g, $3.82/100g",Frozen Fruit & Vegetables,/p/21515995_EA
Frozen Cut Molokhia,$2.49 ,$2.49 ,"400 g, $0.62/100g",Frozen Fruit & Vegetables,/p/20880043_EA
Okra Rings,$2.29 ,$2.29 ,"300 g, $0.76/100g",Frozen Fruit & Vegetables,/p/20753995_EA
Pineapples pieces,$13.00 ,$13.00 ,"2 kg, $0.65/100g",Frozen Fruit & Vegetables,/p/21289951_EA
Shredded Coconut,$3.99 ,$3.99 ,"300 g, $1.33/100g",Frozen Fruit & Vegetables,/p/21193598_EA
Frozen Edamame,$3.49 ,$3.49 ,"454 g, $0.77/100g",Frozen Fruit & Vegetables,/p/21479539_EA
California Vegetable Blend,$9.99 ,$9.99 ,"1.75 kg, $0.57/100g",Frozen Fruit & Vegetables,/p/20713450_EA
Arctic Gardens Broccoli Florets,$10.99 ,$10.99 ,"1.25 kg, $0.88/100g",Frozen Fruit & Vegetables,/p/21042189_EA
Oven Roasters Seasoned Brussels Sprouts & Carrots,$4.99 ,$4.99 ,"425 g, $1.17/100g",Frozen Fruit & Vegetables,/p/21449259_EA
Blender Bites Power Berry ,$11.49 ,$11.49 ,"360 g, $3.19/100g",Frozen Fruit & Vegetables,/p/21535627_EA
Organics Berries and Cherries,$8.49 ,$8.49 ,"600 g, $1.42/100g",Frozen Fruit & Vegetables,20431483001_EA
Cauliflower & Onions With Garlic Butter,$5.29 ,$5.29 ,"340 g, $1.56/100g",Frozen Fruit & Vegetables,/p/21530405_EA
Organic Canadian Wild Blueberries,$8.49 ,$8.49 ,"600 g, $1.42/100g",Frozen Fruit & Vegetables,/p/20149390_EA
Mango Chunks,$8.99 ,$8.99 ,"600 g, $1.50/100g",Frozen Fruit & Vegetables,/p/20431326_EA
Brussels Sprouts Family Size,$10.99 ,$10.99 ,"1.75 kg, $0.63/100g",Frozen Fruit & Vegetables,/p/21042275_EA
Cauliflower Hash Browns,$7.99 ,$7.99 ,"375 g, $2.13/100g",Frozen Fruit & Vegetables,/p/21460367_EA
Valley Selections Baby Blend,$4.79 ,$4.79 ,"400 g, $1.20/100g",Frozen Fruit & Vegetables,/p/21022359_EA
Organic Whole Green Beans,$5.49 ,$5.49 ,"500 g, $1.10/100g",Frozen Fruit & Vegetables,/p/21004384_EA
Smokin’ Stampede™ Corn Ribs,$5.49 ,$5.49 ,"500 g, $1.10/100g",Frozen Fruit & Vegetables,/p/21520140_EA
"Organic Dark Sweet Cherries, Blueberries And Blackberries Power Fruit Blend - Frozen",$17.99 ,$17.99 ,"1.5 kg, $1.20/100g",Frozen Fruit & Vegetables,/p/21004389_EA
Mocha Berry Cherry Delight Smoothie Blend,$6.99 ,$6.99 ,"450 g, $1.55/100g",Frozen Fruit & Vegetables,/p/21416757_EA
Organic Whole Strawberries,$8.49 ,$8.49 ,"600 g, $1.42/100g",Frozen Fruit & Vegetables,20431483002_EA
Valley Selections Japanese Mix,$4.79 ,$4.79 ,"500 g, $0.96/100g",Frozen Fruit & Vegetables,/p/21022093_EA
Chopped Spinach,$5.49 ,$5.49 ,"300 g, $1.83/100g",Frozen Fruit & Vegetables,/p/21008161_EA
Diced Vegetable Mix,$2.49 ,$2.49 ,"750 g, $0.33/100g",Frozen Fruit & Vegetables,/p/21038240_EA
Tropi-Green Pineapple Kale Smoothie Blend,$4.99 ,$4.99 ,"450 g, $1.11/100g",Frozen Fruit & Vegetables,/p/21397892_EA
Chikoo Sapota,$1.99 ,$1.99 ,"300 g, $0.66/100g",Frozen Fruit & Vegetables,/p/21449866_EA
Organic Peas & Carrots,$5.49 ,$5.49 ,"500 g, $1.10/100g",Frozen Fruit & Vegetables,/p/21004398_EA
Corn Peach N Cream with Butter Sauce,$2.99 ,$2.99 ,"250 g, $1.20/100g",Frozen Fruit & Vegetables,/p/21022284_EA
Nibblers Mini-Ears of Extra Sweet Corn-on-the-Cob 12 Count,$6.29 ,$6.29 ,"12 ea, $0.52/1ea",Frozen Fruit & Vegetables,/p/21330714_EA
Organic Peas & Carrots,$5.49 ,$5.49 ,"500 g, $1.10/100g",Frozen Fruit & Vegetables,/p/21004398_EA
Chikoo Sapota,$1.99 ,$1.99 ,"300 g, $0.66/100g",Frozen Fruit & Vegetables,/p/21449866_EA
Sliced Red Beets,$4.49 ,$4.49 ,"500 g, $0.90/100g",Frozen Fruit & Vegetables,/p/21106753_EA
"Nature's Strawberries, Frozen Fresh in White & Milk Chocolate",$6.49 ,$6.49 ,"170 g, $3.82/100g",Frozen Fruit & Vegetables,/p/21516003_EA
Organic Butternut Squash Chunks,$5.49 ,$5.49 ,"400 g, $1.37/100g",Frozen Fruit & Vegetables,/p/21004391_EA
Frozen Saba Banana,$5.79 ,$5.79 ,"600 g, $0.97/100g",Frozen Fruit & Vegetables,/p/21409873_EA
Organic Whole Red Raspberries,$8.49 ,$8.49 ,"600 g, $1.42/100g",Frozen Fruit & Vegetables,20431483003_EA
Organic Brussels Sprouts,$5.49 ,$5.49 ,"500 g, $1.10/100g",Frozen Fruit & Vegetables,/p/21104064_EA
Smoothie Cubes Saphir,$11.99 ,$11.99 ,"405 g, $2.96/100g",Frozen Fruit & Vegetables,/p/21416390_EA
Vegetable Medley ,$4.49 ,$4.49 ,"750 g, $0.60/100g",Frozen Fruit & Vegetables,/p/20896667_EA
Smoothie Cubes Yogi    ,$11.99 ,$11.99 ,"405 g, $2.96/100g",Frozen Fruit & Vegetables,/p/21122165_EA
Organics Riced Cauliflower,$5.49 ,$5.49 ,"500 g, $1.10/100g",Frozen Fruit & Vegetables,/p/21418291_EA
Smoothie Cubes Azteque,$11.99 ,$11.99 ,"405 g, $2.96/100g",Frozen Fruit & Vegetables,/p/21471844_EA
Grilled Ready Veggie Eggplant,$5.49 ,$5.49 ,"500 g, $1.10/100g",Frozen Fruit & Vegetables,/p/21432028_EA
Organic Chopped Kale,$5.49 ,$5.49 ,"300 g, $1.83/100g",Frozen Fruit & Vegetables,/p/21004291_EA
Winter Vegetables,$2.49 ,$2.49 ,"750 g, $0.33/100g",Frozen Fruit & Vegetables,/p/20214483_EA
Organic Edamame Shelled,$5.49 ,$5.49 ,"500 g, $1.10/100g",Frozen Fruit & Vegetables,20416869001_EA
Cranberries,$5.49 ,$5.49 ,"600 g, $0.92/100g",Frozen Fruit & Vegetables,/p/20030072_EA
Blackberries,$5.49 ,$5.49 ,"400 g, $1.37/100g",Frozen Fruit & Vegetables,/p/21096448_EA
Valley Selections Whole Green Beans,$4.79 ,$4.79 ,"500 g, $0.96/100g",Frozen Fruit & Vegetables,/p/21022097_EA
"Baby Brussels Sprouts, Club Size",$9.99 ,$9.99 ,"1.75 kg, $0.57/100g",Frozen Fruit & Vegetables,/p/21096320_EA
Veggie Fries Zucchini Parmesan & Garlic ,$6.29 ,$6.29 ,"340 g, $1.85/100g",Frozen Fruit & Vegetables,/p/21314544_EA
Pigeon Peas,$2.29 ,$2.29 ,"300 g, $0.76/100g",Frozen Fruit & Vegetables,/p/20754081_EA
"Strawberries, Bananas & Kiwi Fruit Blend",$5.49 ,$5.49 ,"600 g, $0.92/100g",Frozen Fruit & Vegetables,/p/20926607_EA
Vegan Buffalo Cauliflower Wings,$7.99 ,$7.99 ,"375 g, $2.13/100g",Frozen Fruit & Vegetables,/p/21214616_EA
Watermelon Chunks,$5.49 ,$5.49 ,"500 g, $1.10/100g",Frozen Fruit & Vegetables,/p/21180864_EA
Club Size Small Sweet Peas,$11.99 ,$11.99 ,"1.5 kg, $0.80/100g",Frozen Fruit & Vegetables,/p/21418293_EA
"Green Beans, Cut",$4.49 ,$4.49 ,"750 g, $0.60/100g",Frozen Fruit & Vegetables,/p/21022264_EA
Riced Veggies Asian Stir Fry Style,$5.29 ,$5.29 ,"283 g, $1.87/100g",Frozen Fruit & Vegetables,/p/21438731_EA
Organic Blueberries,$8.49 ,$8.49 ,"600 g, $1.42/100g",Frozen Fruit & Vegetables,/p/20993672_EA
Organic Mango Chunks,$8.49 ,$8.49 ,"600 g, $1.42/100g",Frozen Fruit & Vegetables,/p/21023573_EA
Organic Whole Kernel Corn,$5.49 ,$5.49 ,"500 g, $1.10/100g",Frozen Fruit & Vegetables,/p/21004383_EA
Organics Straight Cut Fried Potatoes,$5.49 ,$5.49 ,"500 g, $1.10/100g",Frozen Fruit & Vegetables,/p/21427386_EA
"Broccoli Florets, Club Size ",$9.99 ,$9.99 ,"1.75 kg, $0.57/100g",Frozen Fruit & Vegetables,/p/21096317_EA
Oriental Style Special Blend Of Vegetables ,$2.49 ,$2.49 ,"750 g, $0.33/100g",Frozen Fruit & Vegetables,/p/20297898_EA
Organics Cultivated Highbush Blueberries Club Size,$17.99 ,$17.99 ,"1.5 kg, $1.20/100g",Frozen Fruit & Vegetables,/p/21397049_EA
Smoothie Cubes Asana,$11.99 ,$11.99 ,"405 g, $2.96/100g",Frozen Fruit & Vegetables,/p/21122023_EA
Organic Sliced Strawberries,$8.49 ,$8.49 ,"600 g, $1.42/100g",Frozen Fruit & Vegetables,/p/21125546_EA
"Nature's Raspberries, Frozen Fresh in White & Dark Chocolate",$6.49 ,$6.49 ,"170 g, $3.82/100g",Frozen Fruit & Vegetables,/p/21515998_EA
"Valley Selections Essentials, California Blend",$4.79 ,$4.79 ,"500 g, $0.96/100g",Frozen Fruit & Vegetables,/p/21022355_EA
Asian-Style Vegetable Blend ,$4.49 ,$4.49 ,"500 g, $0.90/100g",Frozen Fruit & Vegetables,/p/20295769_EA
Small Sweet Peas,$5.49 ,$5.49 ,"500 g, $1.10/100g",Frozen Fruit & Vegetables,/p/21418290_EA
Garlic Parmesan Green Beans,$5.29 ,$5.29 ,"340 g, $1.56/100g",Frozen Fruit & Vegetables,/p/21530406_EA
"Oven Roasters Seasoned Carrots, Sweet Potatoes & Red Potatoes",$4.99 ,$4.99 ,"397 g, $1.26/100g",Frozen Fruit & Vegetables,/p/21449254_EA
Frozen Okra,$3.49 ,$3.49 ,"400 g, $0.87/100g",Frozen Fruit & Vegetables,/p/20880051_EA
Guar Cluster Bean,$1.99 ,$1.99 ,"300 g, $0.66/100g",Frozen Fruit & Vegetables,/p/21449817_EA
Green Mango Unripe Mango,$1.99 ,$1.99 ,"300 g, $0.66/100g",Frozen Fruit & Vegetables,/p/21449737_EA
Whole Kernel Corn Niblets,$4.49 ,$4.49 ,"750 g, $0.60/100g",Frozen Fruit & Vegetables,/p/21022299_EA
Karela ,$2.49 ,$2.49 ,"300 g, $0.83/100g",Frozen Fruit & Vegetables,/p/20753999_EA
Valley Selections Cut Broccoli,$4.79 ,$4.79 ,"500 g, $0.96/100g",Frozen Fruit & Vegetables,/p/21022373_EA
Riced Ready Veggie California Blend,$5.49 ,$5.49 ,"500 g, $1.10/100g",Frozen Fruit & Vegetables,/p/21398268_EA
Frozen Cooked Soy Beans,$1.99 ,$2.99 ,"454 g, $0.44/100g",Frozen Fruit & Vegetables,/p/20593404_EA
Broccoli & Cheese Veggie Tots,$6.29 ,$6.29 ,"454 g, $1.39/100g",Frozen Fruit & Vegetables,/p/21042008_EA
"Oven Roasters Seasoned Carrots, Sweet Potatoes & Red Potatoes",$4.99 ,$4.99 ,"397 g, $1.26/100g",Frozen Fruit & Vegetables,/p/21449254_EA
Frozen Okra,$3.49 ,$3.49 ,"400 g, $0.87/100g",Frozen Fruit & Vegetables,/p/20880051_EA
Guar Cluster Bean,$1.99 ,$1.99 ,"300 g, $0.66/100g",Frozen Fruit & Vegetables,/p/21449817_EA
Alphonso Frozen Mango,$6.49 ,$6.49 ,"454 g, $1.43/100g",Frozen Fruit & Vegetables,/p/20970333_EA
Organic Cauliflower,$5.49 ,$5.49 ,"500 g, $1.10/100g",Frozen Fruit & Vegetables,/p/21103959_EA
"Sliced Karela, Bitter Gourd ",$2.49 ,$2.49 ,"500 g, $0.50/100g",Frozen Fruit & Vegetables,/p/20380475_EA
Brussel Sprouts with Butter Sauce,$2.99 ,$2.99 ,"250 g, $1.20/100g",Frozen Fruit & Vegetables,/p/21022532_EA
Fruit Blend ,$13.00 ,$13.00 ,"2 kg, $0.65/100g",Frozen Fruit & Vegetables,/p/21378036_EA
Arctic Gardens Green Beans,$10.99 ,$10.99 ,"1.5 kg, $0.73/100g",Frozen Fruit & Vegetables,/p/21042271_EA
Organic Green Peas,$5.49 ,$5.49 ,"500 g, $1.10/100g",Frozen Fruit & Vegetables,/p/20415291_EA
Organic Pitted Dark Sweet Cherries,$8.49 ,$8.49 ,"600 g, $1.42/100g",Frozen Fruit & Vegetables,/p/21023475_EA
Organic Broccoli Florets,$5.49 ,$5.49 ,"500 g, $1.10/100g",Frozen Fruit & Vegetables,20416869002_EA
Organic Edamame In Shell,$5.49 ,$5.49 ,"500 g, $1.10/100g",Frozen Fruit & Vegetables,20416869003_EA
Berry Blush Banana Smoothie Blend,$6.99 ,$6.99 ,"450 g, $1.55/100g",Frozen Fruit & Vegetables,/p/21416759_EA
Grilled Ready Veggie Brussels Sprouts with Fried Beets and Onions,$5.49 ,$5.49 ,"450 g, $1.22/100g",Frozen Fruit & Vegetables,/p/21505686_EA
Thai-Style Vegetable Blend,$9.99 ,$9.99 ,"1.75 kg, $0.57/100g",Frozen Fruit & Vegetables,/p/20713420_EA
Oven Roasters Seasoned Broccoli & Cauliflower,$4.99 ,$4.99 ,"397 g, $1.26/100g",Frozen Fruit & Vegetables,/p/21449246_EA
"Valley Selection, Asian Blend Vegetables",$4.79 ,$4.79 ,"400 g, $1.20/100g",Frozen Fruit & Vegetables,/p/21022094_EA
Veggie Rings Cauliflower & Onion,$6.29 ,$6.29 ,"340 g, $1.85/100g",Frozen Fruit & Vegetables,/p/21314562_EA
Cubed Paneer,$4.99 ,$4.99 ,"400 g, $1.25/100g",Frozen Fruit & Vegetables,/p/20107519_EA
Garden Vegetable Blend,$9.99 ,$9.99 ,"1.75 kg, $0.57/100g",Frozen Fruit & Vegetables,/p/20713445_EA
Bean & Carrot Medley,$4.79 ,$4.79 ,"500 g, $0.96/100g",Frozen Fruit & Vegetables,/p/21022365_EA
Ready Veggie Zucchini Noodles ,$5.49 ,$5.49 ,"350 g, $1.57/100g",Frozen Fruit & Vegetables,/p/21181365_EA
Organic Broccoli Florets Club Size,$11.99 ,$11.99 ,"1.5 kg, $0.80/100g",Frozen Fruit & Vegetables,/p/21116011_EA
Simply Steam Garlic Parmesan Corn,$5.29 ,$5.29 ,"269 g, $1.97/100g",Frozen Fruit & Vegetables,/p/21438939_EA
1-Step Smoothie Daily Defen-C Organic,$11.49 ,$11.49 ,"360 g, $3.19/100g",Frozen Fruit & Vegetables,/p/21535625_EA
"Organic Frozen Strawberries, Club Pack",$17.99 ,$17.99 ,"1.5 kg, $1.20/100g",Frozen Fruit & Vegetables,/p/21074972_EA
Berry Blush Banana Smoothie Blend,$4.99 ,$4.99 ,"450 g, $1.11/100g",Frozen Fruit & Vegetables,/p/21397885_EA
Simply Steam Southwestern Style Corn,$5.29 ,$5.29 ,"269 g, $1.97/100g",Frozen Fruit & Vegetables,/p/21439337_EA
Diced Onions,$2.49 ,$2.49 ,"750 g, $0.33/100g",Frozen Fruit & Vegetables,/p/21038770_EA
Organic Pineapple,$8.49 ,$8.49 ,"600 g, $1.42/100g",Frozen Fruit & Vegetables,/p/21123898_EA
Frozen Coconut Chunks,$4.59 ,$4.59 ,"600 g, $0.77/100g",Frozen Fruit & Vegetables,/p/21409816_EA
Fruit Blend,$14.99 ,$14.99 ,"2 kg, $0.75/100g",Frozen Fruit & Vegetables,/p/21378022_EA
"Pub Style Chicken Strips, Fully Cooked",$10.99 ,$10.99 ,"700 g, $1.57/100g",Frozen Meat & Seafood,/p/21191828_EA
"Pub Style Chicken Nugget, Fully Cooked",$10.99 ,$10.99 ,"700 g, $1.57/100g",Frozen Meat & Seafood,/p/21191830_EA
"Pub Style Chicken Burger, Fully Cooked",$10.99 ,$10.99 ,"700 g, $1.57/100g",Frozen Meat & Seafood,/p/21191970_EA
Pacific White Shrimp Raw 16-20/LB,$7.00 ,$7.00 ,"300 g, $2.33/100g",Frozen Meat & Seafood,/p/21043887_EA
"Popcorn Chicken, Fully Cooked",$10.99 ,$10.99 ,"700 g, $1.57/100g",Frozen Meat & Seafood,/p/21191827_EA
Buttermilk Chicken Breast Pieces,$10.00 ,$10.00 ,"1.2 kg, $0.83/100g",Frozen Meat & Seafood,/p/21372692_EA
Thick & Juicy™ Prime Rib Beef Burger,$16.99 ,$16.99 ,"1.13 kg, $1.50/100g",Frozen Meat & Seafood,/p/20941230_EA
"Pub Recipe Chicken Strips, Fully Cooked",$7.00 ,$7.00 ,"700 g, $1.00/100g",Frozen Meat & Seafood,/p/21201321_EA
Chicken Strips,$10.00 ,$10.00 ,"1.5 kg, $0.67/100g",Frozen Meat & Seafood,/p/21447587_EA
Thick & Juicy™ Sirloin Beef Burgers ,$16.99 ,$16.99 ,"1.13 kg, $1.50/100g",Frozen Meat & Seafood,/p/20941443_EA
"Cooked Shrimp, 36/45",$5.99 ,$8.79 ,"300 g, $2.00/100g",Frozen Meat & Seafood,/p/21043685_EA
Chicken Nuggets,$10.00 ,$10.00 ,"1.5 kg, $0.67/100g",Frozen Meat & Seafood,/p/21447595_EA
"Pub Recipe Chicken Nuggets, Fully Cooked",$7.00 ,$7.00 ,"700 g, $1.00/100g",Frozen Meat & Seafood,/p/21201320_EA
"Raw Wild Shrimp, Easy Peel",$13.00 ,$13.00 ,"300 g, $4.33/100g",Frozen Meat & Seafood,/p/20907159_EA
Pacific White Shrimp Cooked,$8.49 ,$8.49 ,"300 g, $2.83/100g",Frozen Meat & Seafood,/p/21043889_EA
Free From Angus Beef Burger,$16.99 ,$16.99 ,"1.02 kg, $1.67/100g",Frozen Meat & Seafood,/p/20862651_EA
Thick & Juicy™ Beef Burgers  ,$16.99 ,$16.99 ,"1.36 kg, $1.25/100g",Frozen Meat & Seafood,/p/20941343_EA
"Thick & Crispy Breaded Chicken Burgers, Fully Cooked",$7.00 ,$7.00 ,"700 g, $1.00/100g",Frozen Meat & Seafood,/p/21201257_EA
Breaded Chicken Cutlettes Chicken Strips,$6.49 ,$6.49 ,"908 g, $0.71/100g",Frozen Meat & Seafood,/p/21178744_EA
Turkey Strips,$12.99 ,$12.99 ,"600 g, $2.17/100g",Frozen Meat & Seafood,/p/21431735_EA
Lean Ground Beef Uncooked,$10.00 ,$10.00 ,"1.1 kg, $0.91/100g",Frozen Meat & Seafood,/p/21526928_EA
Hotdog Buns 12 Pack,$4.29 ,$4.29 ,"0.78 kg, $0.55/100g",Frozen Meat & Seafood,/p/21204654_EA
Pacific White Shrimp,$5.99 ,$7.99 ,"300 g, $2.00/100g",Frozen Meat & Seafood,/p/21044927_EA
Southern-Style Popcorn Chicken,$10.00 ,$10.00 ,"1.13 kg, $0.88/100g",Frozen Meat & Seafood,/p/21450297_EA
Popcorn Chicken Bites,$5.00 ,$5.00 ,"650 g, $0.77/100g",Frozen Meat & Seafood,/p/21531746_EA
"Fully Cooked, Breaded Chicken Nuggets Cutlettes",$6.49 ,$6.49 ,"908 g, $0.71/100g",Frozen Meat & Seafood,/p/21178745_EA
"Stuffed Breaded Chicken Breasts, Ham & Cheese",$4.99 ,$4.99 ,"284 g, $1.76/100g",Frozen Meat & Seafood,/p/20503300_EA
Italian Meatballs,$10.00 ,$10.00 ,"1.5 kg, $0.67/100g",Frozen Meat & Seafood,/p/21526930_EA
Gluten Free Chicken Strips,$8.99 ,$8.99 ,"600 g, $1.50/100g",Frozen Meat & Seafood,/p/21079476_EA
"Hamburger Buns 12 Pack, Texas-Style",$4.29 ,$4.29 ,"780 g, $0.55/100g",Frozen Meat & Seafood,/p/21204652_EA
Sirloin Beef Burger,$16.99 ,$16.99 ,"1.02 kg, $1.67/100g",Frozen Meat & Seafood,/p/20941202_EA
Pub Style Turkey Nuggets,$12.99 ,$12.99 ,"600 g, $2.17/100g",Frozen Meat & Seafood,/p/21431757_EA
"Stuffed Breaded Chicken, Broccoli & Cheese (2 Pack)",$4.99 ,$4.99 ,"284 g, $1.76/100g",Frozen Meat & Seafood,/p/20503296_EA
"Chicken Wings, Crisp & Crunchy Mild Southern-Style ",$15.99 ,$15.99 ,"907 g, $1.76/100g",Frozen Meat & Seafood,/p/20708932_EA
Thick & Juicy™ Chicken Burgers ,$15.99 ,$15.99 ,"1.13 kg, $1.42/100g",Frozen Meat & Seafood,/p/20956689_EA
Zipperback Pacific White Shrimp Raw,$7.00 ,$10.99 ,"400 g, $1.75/100g",Frozen Meat & Seafood,/p/20788888_EA
"Fully Cooked, Breaded Chicken Burgers",$6.49 ,$6.49 ,"908 g, $0.71/100g",Frozen Meat & Seafood,/p/21178761_EA
Smoked Wild Sockeye Salmon,$12.99 ,$12.99 ,"150 g, $8.66/100g",Frozen Meat & Seafood,/p/20055009_EA
Pork Loin Half Boneless Frozen,$15.80 ,$15.80 ,$6.61/1kg,Frozen Meat & Seafood,/p/21491030_KG
BBQ Pork Ribs,$12.99 ,$12.99 ,"600 g, $2.17/100g",Frozen Meat & Seafood,/p/21022221_EA
Pacific White Shrimp Raw Zipperback Large ,$30.00 ,$30.00 ,"1.5 kg, $2.00/100g",Frozen Meat & Seafood,/p/21035874_EA
Frozen Stuffed Turkey 5-7 Kg,$43.00 ,$43.00 ,"6 kg, $0.72/100g",Frozen Meat & Seafood,/p/21286268_EA
"Pacific White Shrimp Raw Peeled, Large",$10.99 ,$10.99 ,"400 g, $2.75/100g",Frozen Meat & Seafood,/p/20789931_EA
Natural Smoked Original Sausage,$7.99 ,$7.99 ,"375 g, $2.13/100g",Frozen Meat & Seafood,/p/21531743_EA
"Pacific White Shrimp Cooked, Club Size",$14.99 ,$14.99 ,"680 g, $2.20/100g",Frozen Meat & Seafood,/p/21043816_EA
Fillets Pollock Lemon Pepper,$9.99 ,$9.99 ,"300 g, $3.33/100g",Frozen Meat & Seafood,/p/21361850_EA
Pan Ready Steelhead Whole,$9.96 ,$9.96 ,$14.31/1kg,Frozen Meat & Seafood,/p/21194889_KG
"Southern Style, Frozen, Seasoned Flour Coated Cod, Uncooked",$17.49 ,$17.49 ,"515 g, $3.40/100g",Frozen Meat & Seafood,/p/21186358_EA
Homestyle Burgers Flame Grilled Value Pack,$12.00 ,$12.00 ,"850 g, $1.41/100g",Frozen Meat & Seafood,/p/21382527_EA
Double Stuffed Butter Infused Turkey,$50.75 ,$50.75 ,$7.25/1kg,Frozen Meat & Seafood,/p/20985202_KG
Wild-Caught Sockeye Salmon Burgers,$13.99 ,$13.99 ,"568 g, $2.46/100g",Frozen Meat & Seafood,/p/21455205_EA
Seasoned Chicken Breasts Club Size ,$39.99 ,$39.99 ,"2 kg, $2.00/100g",Frozen Meat & Seafood,/p/20855786_EA
Salad Shrimp,$12.79 ,$12.79 ,"454 g, $2.82/100g",Frozen Meat & Seafood,/p/20180352_EA
"Chicken Wings Club Pack, Honey Garlic",$26.99 ,$26.99 ,"1.81 kg, $1.49/100g",Frozen Meat & Seafood,/p/21046588_EA
Smoked Salmon Toast Trio,$18.49 ,$18.49 ,"248 g, $7.46/100g",Frozen Meat & Seafood,/p/21358853_EA
Stuffed Butter Infused Turkey,$58.02 ,$58.02 ,$9.67/1kg,Frozen Meat & Seafood,/p/20992444_KG
Pacific White Shrimp Raw Zipperback Large ,$30.00 ,$30.00 ,"1.5 kg, $2.00/100g",Frozen Meat & Seafood,/p/21035874_EA
Wild Atlantic Cold Water Shrimp Cooked Peeled ,$13.99 ,$13.99 ,"340 g, $4.11/100g",Frozen Meat & Seafood,/p/20021832_EA
Natural Smoked Original Sausage,$7.99 ,$7.99 ,"375 g, $2.13/100g",Frozen Meat & Seafood,/p/21531743_EA
"Frozen Utility Turkey, 9-11kg",$62.08 ,$62.08 ,$6.59/1kg,Frozen Meat & Seafood,/p/20143624_KG
Pacific White Shrimp Raw,$7.99 ,$7.99 ,"300 g, $2.66/100g",Frozen Meat & Seafood,/p/21043834_EA
Organic Smoked Atlantic Salmon,$11.99 ,$11.99 ,"100 g, $11.99/100g",Frozen Meat & Seafood,/p/21403379_EA
Breaded Butterflied Shrimp ,$12.99 ,$12.99 ,"400 g, $3.25/100g",Frozen Meat & Seafood,/p/20080117_EA
"Pacific White Shrimp Raw Peeled, Large",$10.99 ,$10.99 ,"400 g, $2.75/100g",Frozen Meat & Seafood,/p/20789931_EA
"Pacific White Shrimp Cooked, Club Size",$14.99 ,$14.99 ,"680 g, $2.20/100g",Frozen Meat & Seafood,/p/21043816_EA
Fillets Pollock Lemon Pepper,$9.99 ,$9.99 ,"300 g, $3.33/100g",Frozen Meat & Seafood,/p/21361850_EA
"Frozen Utility Turkey, 5 7kg",$24.00 ,$24.00 ,"1 ea, $24.00/1ea",Frozen Meat & Seafood,/p/21161059_EA
Ocean Perch,$12.29 ,$12.29 ,$8.80/1kg,Frozen Meat & Seafood,/p/20128091_KG
Breaded Coconut Shrimp With Sweet Chili Dipping Sauce,$12.99 ,$12.99 ,"454 g, $2.86/100g",Frozen Meat & Seafood,/p/20135874_EA
Bay Of Fundy Smoked Atlantic Salmon,$3.99 ,$3.99 ,"75 g, $5.32/100g",Frozen Meat & Seafood,/p/21051392_EA
Chicken Mini Cutlettes Breaded ,$8.99 ,$8.99 ,"1 kg, $0.90/100g",Frozen Meat & Seafood,/p/21246853_EA
Butter Infused Young Turkey - Frozen - 7-9kg,$48.00 ,$48.00 ,1 kg,Frozen Meat & Seafood,/p/21284943_EA
"Hoso Shrimp, Cooked",$9.99 ,$11.49 ,"400 g, $2.50/100g",Frozen Meat & Seafood,/p/20917802_EA
Breaded Wild Cod Fillets,$15.99 ,$15.99 ,"600 g, $2.67/100g",Frozen Meat & Seafood,/p/20574108_EA
"Chicken Stuffed with Ham & Mozzarella, Raised Without Antibiotics",$16.99 ,$16.99 ,"568 g, $2.99/100g",Frozen Meat & Seafood,/p/21097778_EA
Catch of The Day Breaded Fish Sticks,$5.99 ,$5.99 ,"350 g, $1.71/100g",Frozen Meat & Seafood,/p/21101244_EA
"Chicken Nuggets, Club Pack",$10.99 ,$10.99 ,"1.4 kg, $0.79/100g",Frozen Meat & Seafood,/p/21201374_EA
"Pan Sear Selects Cod, Savoury Herb",$17.49 ,$17.49 ,"540 g, $3.24/100g",Frozen Meat & Seafood,20296596004_EA
English Style Chips & Fish,$9.99 ,$9.99 ,"550 g, $1.82/100g",Frozen Meat & Seafood,20007324001_EA
Nashville-Style Chicken Wings,$15.99 ,$15.99 ,"907 g, $1.76/100g",Frozen Meat & Seafood,/p/21201375_EA
"Lemon Peppercorn Fillets, Breaded Seasoned Pollock",$9.99 ,$9.99 ,"500 g, $2.00/100g",Frozen Meat & Seafood,/p/21194651_EA
Pan Sear Garlic & Herb Shrimp Butterflied,$17.49 ,$17.49 ,"454 g, $3.85/100g",Frozen Meat & Seafood,/p/21309514_EA
"Family Favourites Beer Battered Fish Fillets, Uncooked",$9.99 ,$9.99 ,"500 g, $2.00/100g",Frozen Meat & Seafood,20572299001_EA
"Pub Recipe Chicken Strips, Fully Cooked, Club Size",$10.99 ,$10.99 ,"1.4 kg, $0.79/100g",Frozen Meat & Seafood,/p/21201410_EA
Smoked Trout Fillets,$7.71 ,$7.71 ,$30.84/1kg,Frozen Meat & Seafood,/p/20118034_KG
Breaded Chicken Burger,$8.99 ,$8.99 ,"1 kg, $0.90/100g",Frozen Meat & Seafood,/p/21290438_EA
"Whole Turkey, Frozen",$58.27 ,$58.27 ,$12.10/1kg,Frozen Meat & Seafood,/p/20697508_KG
Frozen Popcorn Chicken,$11.99 ,$11.99 ,"800 g, $1.50/100g",Frozen Meat & Seafood,/p/21192438_EA
Free From Greek Australian Lamb Sirloin Roast  ,$21.35 ,$21.35 ,$41.86/1kg,Frozen Meat & Seafood,/p/20772554_KG
Butter-Infused Frozen Young Turkey,$54.48 ,$54.48 ,$6.81/1kg,Frozen Meat & Seafood,/p/20992448_KG
Lamb Skewers ,$14.99 ,$14.99 ,"300 g, $5.00/100g",Frozen Meat & Seafood,/p/21491157_EA
BBQ Chickens Bites,$14.99 ,$14.99 ,"710 g, $2.11/100g",Frozen Meat & Seafood,/p/21439246_EA
Smoked Wild Sliced Sockeye Salmon,$17.99 ,$17.99 ,"300 g, $6.00/100g",Frozen Meat & Seafood,/p/21307723_EA
Turkey 3-5 Kg Frozen,$28.00 ,$28.00 ,"4 kg, $0.70/100g",Frozen Meat & Seafood,/p/21454120_EA
Breaded Chicken Wing,$15.99 ,$15.99 ,"907 g, $1.76/100g",Frozen Meat & Seafood,/p/21311532_EA
Lamb Loin Chops,$12.23 ,$12.23 ,$33.05/1kg,Frozen Meat & Seafood,/p/20646095_KG
Frozen Chicken Fries,$11.99 ,$11.99 ,"800 g, $1.50/100g",Frozen Meat & Seafood,/p/21192622_EA
Pacific White Shrimp Raw,$6.79 ,$6.79 ,"300 g, $2.26/100g",Frozen Meat & Seafood,/p/21521215_EA
"BBQ Pepper Salmon Tips, Previously Frozen",$7.36 ,$7.36 ,$31.95/1kg,Frozen Meat & Seafood,/p/20078032_KG
"Fish In Tempura Batter, Haddock",$9.99 ,$9.99 ,"350 g, $2.85/100g",Frozen Meat & Seafood,20298836003_EA
Young Turkey Butter-Infused 3-5 KG Frozen,$28.00 ,$28.00 ,"1 ea, $28.00/1ea",Frozen Meat & Seafood,/p/21456409_EA
"Free from Butter Infused Turkey  5-7 Kg, Frozen",$40.00 ,$40.00 ,"1 ea, $40.00/1ea",Frozen Meat & Seafood,/p/21333736_EA
Skinless Boneless Wild Pacific Cod Fillets Club Size,$17.99 ,$17.99 ,"1 kg, $1.80/100g",Frozen Meat & Seafood,/p/21379672_EA
Pacific White Shrimp Cooked Peeled,$11.49 ,$11.49 ,"400 g, $2.87/100g",Frozen Meat & Seafood,/p/20791381_EA
"Butter Infused Young Turkey, Frozen  9-11kg",$58.00 ,$58.00 ,1 ea,Frozen Meat & Seafood,/p/21284944_EA
Slow-Smoked Brisket Beef Burgers,$16.99 ,$16.99 ,"852 g, $1.99/100g",Frozen Meat & Seafood,/p/20956688_EA
Italian Style Herb Chicken With Tomato Basil Marinara Sauce,$6.49 ,$6.49 ,"400 g, $1.62/100g",Frozen Meat & Seafood,/p/21484568_EA
Carolina Gold Sauce Pork Back Ribs,$13.99 ,$13.99 ,"500 g, $2.80/100g",Frozen Meat & Seafood,/p/21517824_EA
"Seasoned Chicken Balls, Fully Cooked & Battered",$10.00 ,$10.00 ,"1.13 kg, $0.88/100g",Frozen Meat & Seafood,/p/21469397_EA
Organic Zipperback Shrimp,$12.49 ,$12.49 ,"300 g, $4.16/100g",Frozen Meat & Seafood,/p/21332402_EA
Tempura Torpedo Shrimp With Sweet Soy Dipping Sauce,$12.99 ,$12.99 ,"340 g, $3.82/100g",Frozen Meat & Seafood,/p/20978921_EA
Beef Burger,$15.99 ,$15.99 ,"907 g, $1.76/100g",Frozen Meat & Seafood,/p/20327743_EA
Wild Argentinian Shrimp Platter with Creamy Citrus Herb Sauce,$20.00 ,$20.00 ,"400 g, $5.00/100g",Frozen Meat & Seafood,/p/21516904_EA
Pei Mussels In Provencale Sauce,$12.99 ,$12.99 ,"907 g, $1.43/100g",Frozen Meat & Seafood,/p/20838559_EA
Sirloin Beef Meatballs ,$14.99 ,$16.99 ,"907 g, $1.65/100g",Frozen Meat & Seafood,/p/20603111_EA
Swedish Beef Meatballs,$16.99 ,$16.99 ,"907 g, $1.87/100g",Frozen Meat & Seafood,/p/20503320_EA
"Meatballs, Italian Style",$14.99 ,$16.99 ,"907 g, $1.65/100g",Frozen Meat & Seafood,/p/20503346_EA
Creamy Dill Chicken Breast Bites,$12.99 ,$15.00 ,"700 g, $1.86/100g",Frozen Meat & Seafood,/p/21521408_EA
Italian Chicken Meatballs,$16.99 ,$16.99 ,"850 g, $2.00/100g",Frozen Meat & Seafood,/p/20503357_EA
Halal Barbeque Chicken Wings,$17.99 ,$17.99 ,"908 g, $1.98/100g",Frozen Meat & Seafood,/p/20503453_EA
"Fully Cooked Pork Back Ribs, Smokin Stampede",$13.49 ,$13.49 ,"500 g, $2.70/100g",Frozen Meat & Seafood,/p/21284542_EA
Smokin' Honey Fully Cooked Pork Back Ribs,$13.49 ,$13.49 ,"500 g, $2.70/100g",Frozen Meat & Seafood,/p/21284538_EA
"Turkey, 9-11KG Frozen",$58.00 ,$58.00 ,"10 kg, $0.58/100g",Frozen Meat & Seafood,/p/21286261_EA
Prime Rib Beef Burger,$20.99 ,$20.99 ,"1.02 kg, $2.06/100g",Frozen Meat & Seafood,/p/20602164_EA
"Shrimp, Raw",$5.92 ,$5.92 ,$20.48/1kg,Frozen Meat & Seafood,/p/20166477_KG
Butter Infused Young Turkey - Frozen - 5-7 kg,$38.00 ,$38.00 ,1 ea,Frozen Meat & Seafood,/p/21284940_EA
Butter Infused Young Turkey - Frozen - 3-5 kg,$28.00 ,$28.00 ,1 kg,Frozen Meat & Seafood,/p/21284926_EA
Dry-Rubbed Sea Salt & Black Pepper Pork Back Ribs,$14.49 ,$14.49 ,"680 g, $2.13/100g",Frozen Meat & Seafood,/p/21178472_EA
Salt & Pepper Chicken Wings,$14.00 ,$14.00 ,"908 g, $1.54/100g",Frozen Meat & Seafood,/p/21045309_EA
"Too Good To Be Wings, Honey Garlic",$12.99 ,$14.99 ,"800 g, $1.62/100g",Frozen Meat & Seafood,/p/21106822_EA
English Style Battered Fillets,$9.99 ,$9.99 ,"500 g, $2.00/100g",Frozen Meat & Seafood,20572299004_EA
Gochujang Sweet & Spicy Chicken Wings,$15.99 ,$15.99 ,"907 g, $1.76/100g",Frozen Meat & Seafood,/p/20907067_EA
"Chicken Wings, Medium BBQ",$14.00 ,$14.00 ,"908 g, $1.54/100g",Frozen Meat & Seafood,/p/21045713_EA
Beef Burger 4 Oz,$15.99 ,$15.99 ,"1.36 kg, $1.18/100g",Frozen Meat & Seafood,/p/20114154_EA
"Frozen Crispy Breaded, Frozen, Cod Fillets, Uncooked",$17.49 ,$17.49 ,"515 g, $3.40/100g",Frozen Meat & Seafood,/p/21186262_EA
Gochujang Sweet & Spicy Chicken Bites,$14.99 ,$14.99 ,"700 g, $2.14/100g",Frozen Meat & Seafood,/p/21372561_EA
Everything Seasoned Smoked Steelhead Salmon,$11.99 ,$11.99 ,"150 g, $7.99/100g",Frozen Meat & Seafood,/p/21491978_EA
"Chicken Fries, Fully Cooked",$10.00 ,$10.00 ,"1.5 kg, $0.67/100g",Frozen Meat & Seafood,/p/21526219_EA
"Turkey 3-5KG, Frozen",$18.00 ,$18.00 ,"1 ea, $18.00/1ea",Frozen Meat & Seafood,/p/21209103_EA
Frozen Organic Whole Turkey,$84.70 ,$84.70 ,$12.10/1kg,Frozen Meat & Seafood,/p/20527349_KG
Rotisserie-Style Chicken Wings,$15.99 ,$15.99 ,"907 g, $1.76/100g",Frozen Meat & Seafood,/p/20708500_EA
"Young Turkey Heritage Recipe Seasoned With Natural Flavours, 3-5 KG Frozen",$35.20 ,$35.20 ,$8.80/1kg,Frozen Meat & Seafood,/p/21427226_KG
Free From Australian Lamb Shanks,$21.28 ,$21.28 ,$18.72/1kg,Frozen Meat & Seafood,/p/20798674_KG
Pacific White Shrimp Cooked Peeled Responsibly Farmed Jumbo ,$16.99 ,$16.99 ,"400 g, $4.25/100g",Frozen Meat & Seafood,/p/20896957_EA
"Raw Shrimp Skewers, Garlic & Herb, 400 G",$8.59 ,$8.59 ,"400 g, $2.15/100g",Frozen Meat & Seafood,/p/21554523_EA
Frozen Stuffed Turkey 7-9 Kg,$53.00 ,$53.00 ,"8 kg, $0.66/100g",Frozen Meat & Seafood,/p/21286274_EA
Frozen Organic Whole Turkey,$84.70 ,$84.70 ,$12.10/1kg,Frozen Meat & Seafood,/p/20527349_KG
Rotisserie-Style Chicken Wings,$15.99 ,$15.99 ,"907 g, $1.76/100g",Frozen Meat & Seafood,/p/20708500_EA
Breaded Chicken Burger,$10.00 ,$10.00 ,"1.5 kg, $0.67/100g",Frozen Meat & Seafood,/p/21484441_EA
Chicken Tournedos with Bacon,$10.00 ,$10.00 ,"1.05 kg, $0.95/100g",Frozen Meat & Seafood,/p/21447572_EA
Free From Turkey Meatballs,$16.99 ,$16.99 ,"800 g, $2.12/100g",Frozen Meat & Seafood,/p/21039893_EA
Shrimp Ring,$12.99 ,$12.99 ,"454 g, $2.86/100g",Frozen Meat & Seafood,/p/20979191_EA
Chicken Breast Fillets,$14.99 ,$14.99 ,"720 g, $2.08/100g",Frozen Meat & Seafood,/p/21440360_EA
Breaded Alaskan Cod,$10.99 ,$10.99 ,"500 g, $2.20/100g",Frozen Meat & Seafood,/p/21285664_EA
Salmon Burger,$13.99 ,$13.99 ,"568 g, $2.46/100g",Frozen Meat & Seafood,/p/21378345_EA
Aqua Wild Pink Salmon Portions,$8.79 ,$8.79 ,"454 g, $1.94/100g",Frozen Meat & Seafood,/p/21456890_EA
Crisp & Crunchy Mild Southern-Style Chicken Wings,$26.99 ,$26.99 ,"1.81 kg, $1.49/100g",Frozen Meat & Seafood,/p/20943027_EA
Atlantic Salmon Burger,$13.99 ,$13.99 ,"568 g, $2.46/100g",Frozen Meat & Seafood,/p/21285255_EA
Frozen Grade A Turkey 7-9 Kg,$61.52 ,$61.52 ,$7.69/1kg,Frozen Meat & Seafood,/p/20085619_KG
Breaded Fish Nuggets Value Pack,$10.99 ,$10.99 ,"900 g, $1.22/100g",Frozen Meat & Seafood,/p/21396539_EA
Cajun Crab Flavoured Dip,$5.49 ,$5.49 ,"198 g, $2.77/100g",Frozen Meat & Seafood,/p/21480493_EA
"European Sea Bream, Whole",$13.43 ,$13.43 ,$26.43/1kg,Frozen Meat & Seafood,/p/20053863_KG
"Young Turkey Heritage Recipe Seasoned With Natural Flavours, 3-5 KG Frozen",$35.20 ,$35.20 ,$8.80/1kg,Frozen Meat & Seafood,/p/21427226_KG
Free From Australian Lamb Shanks,$21.28 ,$21.28 ,$18.72/1kg,Frozen Meat & Seafood,/p/20798674_KG
"BBQ Salmon Tips, Frozen",$7.11 ,$7.11 ,$31.95/1kg,Frozen Meat & Seafood,/p/20073772_KG
Chicken Wings Salt & Cracked Black Pepper,$14.99 ,$16.99 ,"780 g, $1.92/100g",Frozen Meat & Seafood,/p/21507366_EA
Fully Cooked and Seasoned Pork Tenderloin,$13.99 ,$13.99 ,"400 g, $3.50/100g",Frozen Meat & Seafood,/p/21530762_EA
Thick & Juicy Bear Paw Burgers (Case),$44.00 ,$44.00 ,"4.54 kg, $0.97/100g",Frozen Meat & Seafood,p/20503338_C01
Smoky Bacon Crab Flavoured Dip,$5.49 ,$5.49 ,"198 g, $2.77/100g",Frozen Meat & Seafood,/p/21479266_EA
Organics Cooked Black Tiger Shrimp,$22.79 ,$22.79 ,"340 g, $6.70/100g",Frozen Meat & Seafood,/p/21332389_EA
"Chicken Legs, Club Pack",$17.99 ,$17.99 ,"2 kg, $0.90/100g",Frozen Meat & Seafood,/p/20855783_EA
"Frozen Turkey, 3-5 Kg",$28.00 ,$28.00 ,"4 kg, $0.70/100g",Frozen Meat & Seafood,/p/21286263_EA
"Frozen Turkey, 5-7 Kg",$38.00 ,$38.00 ,"6 kg, $0.63/100g",Frozen Meat & Seafood,/p/21286266_EA
"Pan Sear Selects Sole, Lemon Pepper",$17.49 ,$17.49 ,"540 g, $3.24/100g",Frozen Meat & Seafood,20296596002_EA
Honey Barbecue Pork Back Ribs,$14.49 ,$14.49 ,"680 g, $2.13/100g",Frozen Meat & Seafood,/p/20349767_EA
Uncooked Stuffed Breaded Chicken Breast Cutlettes Parmesan,$4.99 ,$4.99 ,"284 g, $1.76/100g",Frozen Meat & Seafood,/p/21315707_EA
Jerk Chicken Wings,$15.99 ,$15.99 ,"907 g, $1.76/100g",Frozen Meat & Seafood,/p/21469394_EA
Gluten Free Breaded Shrimp,$11.99 ,$11.99 ,"340 g, $3.53/100g",Frozen Meat & Seafood,/p/21364651_EA
Breaded Chicken Cutlettes Chicken Nuggets Club Size,$9.99 ,$9.99 ,"1810 g, $0.55/100g",Frozen Meat & Seafood,/p/21178766_EA
Chicken Breast Nuggets,$11.99 ,$11.99 ,"800 g, $1.50/100g",Frozen Meat & Seafood,/p/21192505_EA
Frozen Grade A Turkey 3-5 Kg,$30.76 ,$30.76 ,$7.69/1kg,Frozen Meat & Seafood,/p/20068076_KG
"Butter-Infused Turkey Crown	",$32.00 ,$32.00 ,"2.5 kg, $1.28/100g",Frozen Meat & Seafood,/p/21400895_EA
Lamb Shoulder Chops,$17.69 ,$17.69 ,$24.23/1kg,Frozen Meat & Seafood,/p/20649127_KG
"Turkey 7-9KG, Frozen",$30.00 ,$30.00 ,"1 ea, $30.00/1ea",Frozen Meat & Seafood,/p/21209120_EA
Wild Sockeye Salmon Burger,$13.99 ,$13.99 ,"568 g, $2.46/100g",Frozen Meat & Seafood,/p/20650417_EA
Club Pack Fully Cooked Buttermilk Chicken Breast Fillets,$32.99 ,$32.99 ,"1.81 kg, $1.82/100g",Frozen Meat & Seafood,/p/21163504_EA
Crisp & Crunchy Spicy Southern-Style Chicken Wings,$15.99 ,$15.99 ,"907 g, $1.76/100g",Frozen Meat & Seafood,/p/20708933_EA
Raw HOSO Thai White Shrimp,$7.00 ,$8.79 ,"340 g, $2.06/100g",Frozen Meat & Seafood,/p/21171370_EA
Buttermilk Breaded Chicken Breast Strips,$20.99 ,$20.99 ,"907 g, $2.31/100g",Frozen Meat & Seafood,/p/21163498_EA
Nashville Breaded Chicken Bites,$14.99 ,$14.99 ,"700 g, $2.14/100g",Frozen Meat & Seafood,/p/21201193_EA
"Crispy Breaded, Frozen, Sole Fillets, Uncooked",$17.49 ,$17.49 ,"515 g, $3.40/100g",Frozen Meat & Seafood,/p/21186297_EA
Breaded Chicken Breast Fillets Spicy Buttermilk Medium 17 Pieces Minimum,$20.99 ,$20.99 ,"907 g, $2.31/100g",Frozen Meat & Seafood,/p/21163489_EA
Nashville Breaded Chicken Bites,$14.99 ,$14.99 ,"700 g, $2.14/100g",Frozen Meat & Seafood,/p/21201193_EA
"Pub Style Chicken Fries, Fully Cooked",$10.99 ,$10.99 ,"700 g, $1.57/100g",Frozen Meat & Seafood,/p/21191680_EA
Scottish Haddock Fillets,$15.99 ,$15.99 ,"600 g, $2.67/100g",Frozen Meat & Seafood,/p/20325686_EA
Maryland Crab Cakes,$10.99 ,$10.99 ,"170 g, $6.46/100g",Frozen Meat & Seafood,/p/21334617_EA
Calamari Crispy Hand-Cut Strips Salt & Pepper ,$9.99 ,$9.99 ,"500 g, $2.00/100g",Frozen Meat & Seafood,/p/21216947_EA
"Lamb Leg, Short Cut",$42.81 ,$42.81 ,$17.62/1kg,Frozen Meat & Seafood,/p/20062547_KG
Wild Caught Argentinian Shrimp,$7.99 ,$7.99 ,"300 g, $2.66/100g",Frozen Meat & Seafood,/p/21334387_EA
Gluten Free Chicken Burgers,$8.99 ,$8.99 ,"600 g, $1.50/100g",Frozen Meat & Seafood,/p/21079451_EA
Chicken Swiss,$10.00 ,$10.00 ,"994 g, $1.01/100g",Frozen Meat & Seafood,/p/21481378_EA
Chicken Cutlettes Breaded,$8.99 ,$8.99 ,"1 kg, $0.90/100g",Frozen Meat & Seafood,/p/21290272_EA
Organics Peeled Raw Black Tiger Shrimp,$13.99 ,$13.99 ,"300 g, $4.66/100g",Frozen Meat & Seafood,/p/21332404_EA
Eatwell Chicken Breast Fillets,$15.99 ,$15.99 ,"750 g, $2.13/100g",Frozen Meat & Seafood,/p/21507358_EA
Smoked Steelhead Salmon ,$19.99 ,$19.99 ,"300 g, $6.66/100g",Frozen Meat & Seafood,/p/21411308_EA
"Candied Salmon, Maple Flavour",$10.99 ,$10.99 ,"150 g, $7.33/100g",Frozen Meat & Seafood,/p/20976930_EA
"Lamb Leg, Short Cut, Previously Frozen",$40.53 ,$40.53 ,$17.62/1kg,Frozen Meat & Seafood,/p/20142553_KG
Shrimp Skewers Plain 4-pack,$6.79 ,$6.79 ,"220 g, $3.09/100g",Frozen Meat & Seafood,/p/21473979_EA
"Cooked Rotisserie Chicken Legs, 3 Pieces",$13.99 ,$13.99 ,"600 g, $2.33/100g",Frozen Meat & Seafood,/p/21530642_EA
Chicken Mozzarella,$10.00 ,$10.00 ,"1 kg, $1.00/100g",Frozen Meat & Seafood,/p/21507078_EA
Chicken Parmesan ,$10.00 ,$10.00 ,"994 g, $1.01/100g",Frozen Meat & Seafood,/p/21481380_EA
Breaded Fish Burgers,$9.99 ,$9.99 ,"515 g, $1.94/100g",Frozen Meat & Seafood,/p/20889599_EA
Atlantic Salmon Strips Hot Smoked Spicy & Candied ,$10.99 ,$10.99 ,"150 g, $7.33/100g",Frozen Meat & Seafood,/p/20977683_EA
Cooked Shrimp,$8.49 ,$8.49 ,"300 g, $2.83/100g",Frozen Meat & Seafood,/p/21044919_EA
Lobster and Scallop Seafood Bake,$22.99 ,$22.99 ,"700 g, $3.28/100g",Frozen Meat & Seafood,/p/21400605_EA
Lime and Chili Grilling Raw Shrimp Skewers,$13.29 ,$13.29 ,"360 g, $3.69/100g",Frozen Meat & Seafood,/p/21283307_EA
"Chicken Strips, Club Pack",$9.99 ,$9.99 ,"1810 g, $0.55/100g",Frozen Meat & Seafood,/p/21178763_EA
Easy Carve Turkey with Traditional Cranberry Stuffing,$52.99 ,$52.99 ,"3.85 kg, $1.38/100g",Frozen Meat & Seafood,/p/20822448_EA
Eatwell Buffalo Chicken Flings,$16.99 ,$16.99 ,"0.79 kg, $2.15/100g",Frozen Meat & Seafood,/p/21507606_EA
Headless Shrimp,$10.99 ,$12.99 ,"400 g, $2.75/100g",Frozen Meat & Seafood,/p/20917480_EA
Turkey Breast Roast with Traditional Cranberry Stuffing,$17.49 ,$17.49 ,"1 kg, $1.75/100g",Frozen Meat & Seafood,/p/20822446_EA
Utility Frozen Turkey 9-11 Kg,$36.00 ,$36.00 ,"1 ea, $36.00/1ea",Frozen Meat & Seafood,/p/21209126_EA
Gluten Free Chicken Nuggets,$8.99 ,$8.99 ,"600 g, $1.50/100g",Frozen Meat & Seafood,/p/21079489_EA
"Turkey, 5-7KG Frozen",$24.00 ,$24.00 ,"1 ea, $24.00/1ea",Frozen Meat & Seafood,/p/21209114_EA
"Plant Based Undeniable Burger, Fresh",$8.49 ,$8.49 ,"226 g, $3.76/100g",Frozen Meat & Seafood,/p/21286514_EA
Signature Cuts Beer Battered Fillets Haddock,$17.49 ,$17.49 ,"425 g, $4.12/100g",Frozen Meat & Seafood,/p/21525916_EA
Halal Chicken Nuggets,$10.00 ,$10.00 ,"840 g, $1.19/100g",Frozen Meat & Seafood,/p/21179709_EA
Argentinian Shrimp,$8.99 ,$8.99 ,"300 g, $3.00/100g",Frozen Meat & Seafood,/p/21286748_EA
Butter-Infused Stuffed Turkey Crown,$36.00 ,$36.00 ,"3 kg, $1.20/100g",Frozen Meat & Seafood,/p/21400947_EA
Shrimp Ring,$7.99 ,$7.99 ,"227 g, $3.52/100g",Frozen Meat & Seafood,/p/20080289_EA
Meatless Meatballs,$4.94 ,$4.94 ,"454 g, $1.09/100g",Frozen Meat & Seafood,/p/20650537_EA
"Young Turkey Heritage Recipe Seasoned With Natural Flavours, 5-7 KG Frozen",$44.88 ,$44.88 ,$8.80/1kg,Frozen Meat & Seafood,/p/21427245_KG
Halal Frozen Turkey,$40.91 ,$40.91 ,$7.69/1kg,Frozen Meat & Seafood,/p/21033544_KG
Alaska Wild Pollock Fish Wings Buffalo Wings Seasoning,$11.99 ,$11.99 ,"454 g, $2.64/100g",Frozen Meat & Seafood,/p/21219316_EA
Yuzu Citrus Chicken Breast Bites,$14.99 ,$14.99 ,"700 g, $2.14/100g",Frozen Meat & Seafood,/p/21363378_EA
Natural Smoked Cheddar Sausage,$7.99 ,$7.99 ,"375 g, $2.13/100g",Frozen Meat & Seafood,/p/21531758_EA
Breaded Chicken Burgers,$11.99 ,$11.99 ,"800 g, $1.50/100g",Frozen Meat & Seafood,/p/21192447_EA
Lightly Breaded Fish,$9.99 ,$9.99 ,"300 g, $3.33/100g",Frozen Meat & Seafood,/p/21307313_EA
"Pub Classics, Beer Battered Haddock Fillets, Uncooked",$24.49 ,$24.49 ,"1.325 kg, $1.85/100g",Frozen Meat & Seafood,/p/21101194_EA
Frozen Stuffed Turkey 7-9 Kg,$53.00 ,$53.00 ,"1 ea, $53.00/1ea",Frozen Meat & Seafood,/p/21333771_EA
Butter-Infused Stuffed Turkey Crown,$36.00 ,$36.00 ,"3 kg, $1.20/100g",Frozen Meat & Seafood,/p/21400947_EA
Crispy Breaded Fish Fillets,$5.99 ,$5.99 ,"350 g, $1.71/100g",Frozen Meat & Seafood,/p/21020930_EA
Shrimp Ring,$7.99 ,$7.99 ,"227 g, $3.52/100g",Frozen Meat & Seafood,/p/20080289_EA
Meatless Meatballs,$4.94 ,$4.94 ,"454 g, $1.09/100g",Frozen Meat & Seafood,/p/20650537_EA
"Young Turkey Heritage Recipe Seasoned With Natural Flavours, 5-7 KG Frozen",$44.88 ,$44.88 ,$8.80/1kg,Frozen Meat & Seafood,/p/21427245_KG
Angus Beef Meatballs,$14.99 ,$16.99 ,"907 g, $1.65/100g",Frozen Meat & Seafood,/p/20503356_EA
Boneless Chicken Bites Buffalo,$14.99 ,$14.99 ,"710 g, $2.11/100g",Frozen Meat & Seafood,/p/21439239_EA
"Burger C/Pack 20'S 5Lb, Club Pack",$23.99 ,$23.99 ,"2.27 kg, $1.06/100g",Frozen Meat & Seafood,/p/20060012_EA
Gluten Free Chicken Breast Fillets,$16.99 ,$16.99 ,"750 g, $2.27/100g",Frozen Meat & Seafood,/p/21178938_EA
Medium Buffalo-Style Chicken Wings,$15.99 ,$15.99 ,"907 g, $1.76/100g",Frozen Meat & Seafood,/p/20708931_EA
"Frozen Utility Turkey, 5-7kg",$41.45 ,$41.45 ,$6.59/1kg,Frozen Meat & Seafood,/p/20104805_KG
"Roasted Garlic & Herb Fillets, Breaded Seasoned Pollock",$9.99 ,$9.99 ,"500 g, $2.00/100g",Frozen Meat & Seafood,/p/21194597_EA
Salt and Pepper Turkey Wings,$15.99 ,$15.99 ,"907 g, $1.76/100g",Frozen Meat & Seafood,/p/21046365_EA
Uncooked Breaded Fish Cakes,$10.00 ,$10.00 ,"1 kg, $1.00/100g",Frozen Meat & Seafood,/p/21415034_EA
Lamb Loin Chops,$12.99 ,$12.99 ,"1 kg, $1.30/100g",Frozen Meat & Seafood,/p/21219480_EA
Breakfast Sausage,$10.00 ,$10.00 ,"1.2 kg, $0.83/100g",Frozen Meat & Seafood,/p/21021500_EA
"Pork Back Ribs, Honey Garlic",$12.99 ,$12.99 ,"600 g, $2.17/100g",Frozen Meat & Seafood,/p/21093780_EA
Breaded Squid Rings,$10.00 ,$10.00 ,"908 g, $1.10/100g",Frozen Meat & Seafood,/p/21473698_EA
Everything Seasoned Breaded Chicken Breast Fillets,$15.99 ,$15.99 ,"750 g, $2.13/100g",Frozen Meat & Seafood,/p/21477937_EA
Halal Stuffed Chicken Mozzarella,$10.00 ,$10.00 ,"568 g, $1.76/100g",Frozen Meat & Seafood,/p/21094337_EA
Pacific White Shrimp,$7.99 ,$7.99 ,"300 g, $2.66/100g",Frozen Meat & Seafood,/p/21044529_EA
Pacific White Shrimp,$13.99 ,$13.99 ,"680 g, $2.06/100g",Frozen Meat & Seafood,/p/21043700_EA
Natural Shredded Chicken,$9.99 ,$9.99 ,"250 g, $4.00/100g",Frozen Meat & Seafood,/p/21330600_EA
"Frozen Utility Turkey, 3-5kg",$29.13 ,$29.13 ,$6.59/1kg,Frozen Meat & Seafood,/p/20042132_KG
Halal Beef Burgers,$18.00 ,$18.00 ,"907 g, $1.98/100g",Frozen Meat & Seafood,/p/21022798_EA
Maple Soy Cedar Plank Atlantic Salmon,$23.99 ,$23.99 ,"500 g, $4.80/100g",Frozen Meat & Seafood,/p/21444230_EA
Bacon-Wrapped Wild Sea Scallops,$15.99 ,$15.99 ,"260 g, $6.15/100g",Frozen Meat & Seafood,/p/21220644_EA
Cold Smoked Steelhead Salmon,$11.34 ,$11.34 ,$57.30/1kg,Frozen Meat & Seafood,/p/21029205_KG
"Pan Sear Selects Haddock, Traditional",$17.49 ,$17.49 ,"540 g, $3.50/100g",Frozen Meat & Seafood,/p/20844670_EA
"Breaded Haddock Bites, Original, Uncooked",$11.99 ,$11.99 ,"600 g, $2.00/100g",Frozen Meat & Seafood,/p/21184677_EA
Sea Salt and Malt Vinegar Haddock Bites,$11.99 ,$11.99 ,"454 g, $2.64/100g",Frozen Meat & Seafood,/p/21481247_EA
Raw Shrimp,$11.99 ,$11.99 ,"340 g, $3.53/100g",Frozen Meat & Seafood,/p/21332386_EA
"Shrimp, Cooked",$35.00 ,$35.00 ,"1.5 kg, $2.33/100g",Frozen Meat & Seafood,/p/21034922_EA
Yuzu Citrus Chicken Wings,$15.99 ,$15.99 ,"907 g, $1.76/100g",Frozen Meat & Seafood,/p/21365572_EA
Seafood Bake Tray Cajun ,$16.99 ,$16.99 ,"700 g, $2.43/100g",Frozen Meat & Seafood,/p/21197321_EA
Wild Smoked Pink Salmon Boneless,$12.99 ,$12.99 ,"454 g, $2.86/100g",Frozen Meat & Seafood,/p/21493984_EA
"Pan Sear Selects, Haddock Roasted Garlic",$17.49 ,$17.49 ,"500 g, $3.50/100g",Frozen Meat & Seafood,/p/20845016_EA
Frozen Turkey 7-9 Kg,$48.00 ,$48.00 ,"8 kg, $0.60/100g",Frozen Meat & Seafood,/p/21286278_EA
Boneless Stuffed Turkey Ball Frozen,$24.99 ,$24.99 ,"1.5 kg, $1.67/100g",Frozen Meat & Seafood,/p/21488006_EA
Breaded Haddock Fillets    ,$13.29 ,$13.29 ,"500 g, $2.66/100g",Frozen Meat & Seafood,/p/21285645_EA
Wild Smoked Sockeye Salmon Boneless,$10.99 ,$10.99 ,"227 g, $4.84/100g",Frozen Meat & Seafood,/p/21493987_EA
Frozen Grade A Turkey 5-7 Kg,$46.14 ,$46.14 ,$7.69/1kg,Frozen Meat & Seafood,/p/20103952_KG
"Frozen Utility Turkey, 11kg and up",$101.64 ,$101.64 ,$6.59/1kg,Frozen Meat & Seafood,/p/20035576_KG
"Club Pack Chicken Thighs, Bone-In",$17.99 ,$17.99 ,"2 kg, $0.90/100g",Frozen Meat & Seafood,/p/20701746_EA
"Pan Sear Selects Tilapia, Lime Chili",$17.49 ,$17.49 ,"540 g, $3.24/100g",Frozen Meat & Seafood,20296596005_EA
"Wild Pollock, English Style Batter",$5.99 ,$5.99 ,"350 g, $1.71/100g",Frozen Meat & Seafood,/p/21020919_EA
Corn Dog,$12.59 ,$12.59 ,"1 kg, $1.26/100g",Frozen Meat & Seafood,/p/21406950_EA
$10 Breaded Sole Fillets,$10.00 ,$10.00 ,"860 g, $1.16/100g",Frozen Meat & Seafood,/p/21339530_EA
Salt and Pepper Turkey Wings,$15.99 ,$15.99 ,"907 g, $1.76/100g",Frozen Meat & Seafood,/p/21046365_EA
"Chicken Wings, Mild BBQ",$14.00 ,$14.00 ,"908 g, $1.54/100g",Frozen Meat & Seafood,/p/21045313_EA
Smokin Stampede Pork Back Ribs Frozen,$14.49 ,$14.49 ,"680 g, $2.13/100g",Frozen Meat & Seafood,/p/20071715_EA
"Boneless Chicken Bites, Honey Garlic",$14.99 ,$14.99 ,"710 g, $2.11/100g",Frozen Meat & Seafood,/p/21440340_EA
Oven Crunch Shrimp,$17.49 ,$17.49 ,"510 g, $3.43/100g",Frozen Meat & Seafood,/p/21309516_EA
"Crispy, Breaded, Frozen Haddock Fillets, Uncooked",$17.49 ,$17.49 ,"425 g, $4.12/100g",Frozen Meat & Seafood,/p/21186729_EA
Thick & Juicy Beef Burgers,$25.99 ,$25.99 ,"2.72 kg, $0.96/100g",Frozen Meat & Seafood,/p/20872678_EA
Bone in Lamb Stew,$26.99 ,$26.99 ,"1.25 kg, $2.16/100g",Frozen Meat & Seafood,/p/20007461_EA
Uncooked Breaded Fish Cakes,$10.00 ,$10.00 ,"1 kg, $1.00/100g",Frozen Meat & Seafood,/p/21415034_EA
Breaded Squid Rings,$10.00 ,$10.00 ,"908 g, $1.10/100g",Frozen Meat & Seafood,/p/21473698_EA
"Pan Sear Selects Haddock, Traditional",$17.49 ,$17.49 ,"540 g, $3.50/100g",Frozen Meat & Seafood,/p/20844670_EA
Honey Garlic Chicken Wings,$15.99 ,$15.99 ,"700 g, $2.28/100g",Frozen Meat & Seafood,/p/21045712_EA
"Frozen Grade A Turkey, Whole Over 11 Kg",$79.08 ,$79.08 ,$6.59/1kg,Frozen Meat & Seafood,/p/20166983_KG
Free From Australian Lamb Spiedini 24 Skewers,$22.49 ,$22.49 ,"480 g, $4.69/100g",Frozen Meat & Seafood,/p/21171557_EA
Free From Rosemary and Garlic Frenched Rack Australian Lamb,$31.23 ,$31.23 ,$57.30/1kg,Frozen Meat & Seafood,/p/20659059_KG
Breaded Haddock Fillets,$15.99 ,$15.99 ,"550 g, $2.91/100g",Frozen Meat & Seafood,20324259002_EA
"Chicken Wings, Honey Garlic",$14.00 ,$14.00 ,"908 g, $1.54/100g",Frozen Meat & Seafood,/p/21045311_EA
Free From Chicken Fillet,$17.49 ,$17.49 ,"750 g, $2.33/100g",Frozen Meat & Seafood,/p/21205089_EA
Kofta Beef Meatballs,$9.99 ,$9.99 ,"454 g, $2.20/100g",Frozen Meat & Seafood,/p/21446169_EA
Too Good To Be Wings Maple Barbecue Boneless Coated Chicken Breast Chunks,$12.99 ,$14.99 ,"800 g, $1.62/100g",Frozen Meat & Seafood,/p/20800517_EA
Butter-Infused Frozen Young Turkey,$27.24 ,$27.24 ,$6.81/1kg,Frozen Meat & Seafood,/p/20992433_KG
Oak Smoked Scottish Atlantic Salmon,$11.99 ,$11.99 ,"150 g, $7.99/100g",Frozen Meat & Seafood,/p/21404587_EA
"Beef Burger, Club Pack",$24.99 ,$24.99 ,"2.27 kg, $1.10/100g",Frozen Meat & Seafood,/p/20767512_EA
Natural Smoked Honey Garlic Sausage,$7.99 ,$7.99 ,"375 g, $2.13/100g",Frozen Meat & Seafood,/p/21531739_EA
Freshwater Shrimp,$14.44 ,$14.44 ,$42.97/1kg,Frozen Meat & Seafood,/p/21459690_KG
Pacific White Shrimp Platter with Mild Cocktail Sauce,$20.00 ,$20.00 ,"568 g, $3.52/100g",Frozen Meat & Seafood,/p/20147098_EA
Lamb Rack Frenched Frozen,$23.42 ,$23.42 ,$48.48/1kg,Frozen Meat & Seafood,/p/20082875_KG
Halal Chicken Strips,$10.00 ,$10.00 ,"840 g, $1.19/100g",Frozen Meat & Seafood,/p/21179707_EA
Halal Breaded Chicken Burgers,$10.00 ,$10.00 ,"828 g, $1.21/100g",Frozen Meat & Seafood,/p/21179710_EA
Head On White Shrimp,$10.99 ,$12.99 ,"454 g, $2.42/100g",Frozen Meat & Seafood,/p/20939062_EA
"Breaded Mozzarella Cheese Sticks, Uncooked",$15.00 ,$15.00 ,"1 kg, $1.50/100g",Frozen Meat & Seafood,/p/21524626_EA
"Signature English Style Battered Cod Fillets, Uncooked",$31.99 ,$31.99 ,"2 kg, $1.60/100g",Frozen Meat & Seafood,/p/20032437_EA
Black Tiger Shrimp Raw Gigantico,$15.99 ,$15.99 ,"400 g, $4.00/100g",Frozen Meat & Seafood,/p/20801192_EA
Scottish Atlantic Salmon Double Smoked ,$11.99 ,$11.99 ,"150 g, $7.99/100g",Frozen Meat & Seafood,/p/21047088_EA
Chicken Breast Strips,$11.99 ,$11.99 ,"800 g, $1.50/100g",Frozen Meat & Seafood,/p/21192652_EA
"Breaded & Seasoned Chicken Breast Fillets, 19% Meat Protein, Uncooked",$15.00 ,$15.00 ,"1.2 kg, $1.25/100g",Frozen Meat & Seafood,/p/21521369_EA
"Young Turkey Seasoned with Natural Flavours, Frozen",$42.50 ,$42.50 ,$8.80/1kg,Frozen Meat & Seafood,/p/21427216_KG
Breaded Chicken Strips,$8.99 ,$8.99 ,"600 g, $1.50/100g",Frozen Meat & Seafood,/p/21108889_EA
Simulated Meat Burger Patties Made From Plants,$9.49 ,$9.49 ,"226 g, $4.20/100g",Frozen Meat & Seafood,/p/21403522_EA
Organics Zipperback Raw Black Tiger Shrimp,$15.99 ,$15.99 ,"300 g, $5.33/100g",Frozen Meat & Seafood,/p/21486285_EA
Pacific White Shrimp Pieces,$13.99 ,$13.99 ,"680 g, $2.06/100g",Frozen Meat & Seafood,/p/21043812_EA
Smoked Atlantic Salmon,$11.99 ,$11.99 ,"150 g, $7.99/100g",Frozen Meat & Seafood,/p/20108286_EA
Homestyle Stuffing,$7.99 ,$7.99 ,"900 g, $0.89/100g",Frozen Meat & Seafood,/p/20870551_EA
Smoked Salmon Flavoured Dip,$5.49 ,$5.49 ,"198 g, $2.77/100g",Frozen Meat & Seafood,/p/21480487_EA
Buffalo Wings Spicy,$17.99 ,$17.99 ,"908 g, $1.98/100g",Frozen Meat & Seafood,/p/20503457_EA
Umami Wagyu Burgers,$15.99 ,$15.99 ,"568 g, $2.82/100g",Frozen Meat & Seafood,/p/21522754_EA
Pei Mussels In Creamy White Wine Sauce,$12.99 ,$12.99 ,"907 g, $1.43/100g",Frozen Meat & Seafood,/p/20838560_EA
Boneless Turkey Breast Roast,$24.99 ,$24.99 ,"1.5 kg, $1.67/100g",Frozen Meat & Seafood,/p/21377745_EA
Free From Short Cut Leg Australian Lamb,$48.63 ,$48.63 ,$17.62/1kg,Frozen Meat & Seafood,/p/20819368_KG
Oak Smoked Scottish Atlantic Salmon,$11.99 ,$11.99 ,"150 g, $7.99/100g",Frozen Meat & Seafood,/p/21404587_EA
Buffalo Wings Spicy,$17.99 ,$17.99 ,"908 g, $1.98/100g",Frozen Meat & Seafood,/p/20503457_EA
Butter-Infused Frozen Young Turkey,$27.24 ,$27.24 ,$6.81/1kg,Frozen Meat & Seafood,/p/20992433_KG
Umami Wagyu Burgers,$15.99 ,$15.99 ,"568 g, $2.82/100g",Frozen Meat & Seafood,/p/21522754_EA
Pei Mussels In Creamy White Wine Sauce,$12.99 ,$12.99 ,"907 g, $1.43/100g",Frozen Meat & Seafood,/p/20838560_EA
Boneless Turkey Breast Roast,$24.99 ,$24.99 ,"1.5 kg, $1.67/100g",Frozen Meat & Seafood,/p/21377745_EA
"Butter Infused Stuffed Turkey  5-7 Kg, Frozen",$43.00 ,$43.00 ,1 kg,Frozen Meat & Seafood,/p/21284946_EA
Supreme Crunch Halal Spicy Chicken Drumsticks,$11.99 ,$11.99 ,"720 g, $1.67/100g",Frozen Meat & Seafood,/p/21377845_EA
Shrimp Cakes,$9.49 ,$9.49 ,"170 g, $5.58/100g",Frozen Meat & Seafood,/p/21334615_EA
Plain Shrimp Skewers 12-pack,$17.99 ,$17.99 ,"660 g, $2.73/100g",Frozen Meat & Seafood,/p/21474075_EA
Breaded Chicken Strips,$8.99 ,$8.99 ,"600 g, $1.50/100g",Frozen Meat & Seafood,/p/21108889_EA
Simulated Meat Burger Patties Made From Plants,$9.49 ,$9.49 ,"226 g, $4.20/100g",Frozen Meat & Seafood,/p/21403522_EA
Organics Zipperback Raw Black Tiger Shrimp,$15.99 ,$15.99 ,"300 g, $5.33/100g",Frozen Meat & Seafood,/p/21486285_EA
Pacific White Shrimp Pieces,$13.99 ,$13.99 ,"680 g, $2.06/100g",Frozen Meat & Seafood,/p/21043812_EA
Montana's Texan BBQ Ribs,$12.99 ,$12.99 ,"650 g, $2.00/100g",Frozen Meat & Seafood,/p/21203458_EA
Boneless Pork Bites,$5.99 ,$6.99 ,"400 g, $1.50/100g",Frozen Meat & Seafood,/p/21047671_EA
Wagyu Beef Burgers,$14.99 ,$14.99 ,"568 g, $2.64/100g",Frozen Meat & Seafood,/p/20766235_EA
Pacific White Shrimp Platter with Mild Cocktail Sauce,$20.00 ,$20.00 ,"568 g, $3.52/100g",Frozen Meat & Seafood,/p/20147098_EA
"Beef Burger, Club Pack",$24.99 ,$24.99 ,"2.27 kg, $1.10/100g",Frozen Meat & Seafood,/p/20767512_EA
Natural Smoked Honey Garlic Sausage,$7.99 ,$7.99 ,"375 g, $2.13/100g",Frozen Meat & Seafood,/p/21531739_EA
Freshwater Shrimp,$14.44 ,$14.44 ,$42.97/1kg,Frozen Meat & Seafood,/p/21459690_KG
Kalbi Beef Short Ribs,$13.99 ,$13.99 ,"500 g, $2.80/100g",Frozen Meat & Seafood,/p/21394197_EA
"BBQ Beef Burgers, Hickory Flavour",$14.99 ,$14.99 ,"1.13 kg, $1.33/100g",Frozen Meat & Seafood,/p/20767514_EA
Honey Garlic Chicken Wings,$15.99 ,$15.99 ,"907 g, $1.76/100g",Frozen Meat & Seafood,/p/21046615_EA
Italian Beef Meatballs,$14.99 ,$16.99 ,"907 g, $1.65/100g",Frozen Meat & Seafood,/p/20148240_EA
"Fish Sticks, Family Pack",$9.99 ,$9.99 ,"700 g, $1.43/100g",Frozen Meat & Seafood,20303200001_EA
Free From Angus Beef Meatball,$16.99 ,$16.99 ,"850 g, $2.00/100g",Frozen Meat & Seafood,/p/21094650_EA
Stuffed Chicken with Jalapeno & Cheese,$4.99 ,$4.99 ,"284 g, $1.76/100g",Frozen Meat & Seafood,/p/20891403_EA
Thick & Juicy™ Lean Beef Burgers  ,$15.99 ,$15.99 ,"1.13 kg, $1.42/100g",Frozen Meat & Seafood,/p/20941224_EA
"English Style Battered Haddock Fillets, Uncooked",$17.49 ,$17.49 ,"425 g, $4.12/100g",Frozen Meat & Seafood,/p/21186254_EA
Breaded Fish Strips Value Pack 55 or More Strips,$10.99 ,$10.99 ,"900 g, $1.22/100g",Frozen Meat & Seafood,/p/21365154_EA
"Fish In Tempura Batter, Family Pack",$9.99 ,$9.99 ,"700 g, $1.43/100g",Frozen Meat & Seafood,20303200003_EA
"Fried Potatoes, Crispy Skin On",$3.29 ,$3.29 ,"1 kg, $0.33/100g","Meals, Entrees & Sides",20092492001_EA
Potato Patties,$4.49 ,$4.49 ,"20 ea, $0.22/1ea","Meals, Entrees & Sides",/p/20431536_EA
Butter Chicken,$4.49 ,$4.49 ,"350 g, $1.28/100g","Meals, Entrees & Sides",20312253001_EA
Tasti Taters® - Tater Tots,$4.99 ,$4.99 ,"800 g, $0.62/100g","Meals, Entrees & Sides",/p/20799522_EA
Flavour Crisp Classic Straight Cut Fries,$4.29 ,$4.29 ,"750 g, $0.57/100g","Meals, Entrees & Sides",/p/20729779_EA
Crinkle Cut Fried Potatoes,$3.29 ,$3.29 ,"1 kg, $0.33/100g","Meals, Entrees & Sides",20313038001_EA
Chicken Pad Thai,$4.49 ,$4.49 ,"365 g, $1.23/100g","Meals, Entrees & Sides",/p/20987543_EA
General Tao Chicken,$4.49 ,$4.49 ,"350 g, $1.28/100g","Meals, Entrees & Sides",/p/20317707_EA
Restaurant Style Drive Thru Fries,$4.29 ,$4.29 ,"750 g, $0.57/100g","Meals, Entrees & Sides",/p/21094815_EA
Macaroni and Cheese,$2.49 ,$2.49 ,"255 g, $0.98/100g","Meals, Entrees & Sides",/p/21208614_EA
Superfries® 5 Minute Shoestring,$4.99 ,$4.99 ,"650 g, $0.77/100g","Meals, Entrees & Sides",20324328002_EA
Straight Cut Fried Potatoes,$3.29 ,$3.29 ,"1 kg, $0.33/100g","Meals, Entrees & Sides",20313038002_EA
Smiles® - Smiley Face Fries,$4.99 ,$4.99 ,"650 g, $0.77/100g","Meals, Entrees & Sides",/p/20797308_EA
Super Spirals® - Curly Fries,$4.99 ,$4.99 ,"650 g, $0.77/100g","Meals, Entrees & Sides",/p/20799502_EA
Restaurant Style Pub Fries,$4.29 ,$4.29 ,"750 g, $0.57/100g","Meals, Entrees & Sides",/p/20962325_EA
"Potato and Cheddar Perogies, Club Size",$5.00 ,$5.00 ,"2 kg, $0.25/100g","Meals, Entrees & Sides",20323762001_EA
Butter Chicken,$4.49 ,$4.49 ,"350 g, $1.28/100g","Meals, Entrees & Sides",20309193001_EA
Lasagna Alfredo with Broccoli and Cheese,$2.49 ,$2.49 ,"255 g, $0.98/100g","Meals, Entrees & Sides",/p/21208630_EA
Fettuccine Alfredo,$2.49 ,$2.49 ,"284 g, $0.88/100g","Meals, Entrees & Sides",/p/21208788_EA
Beef and Broccoli Meal,$4.49 ,$4.49 ,"350 g, $1.28/100g","Meals, Entrees & Sides",/p/20795097_EA
Crinkle Cut French Fries,$3.49 ,$3.49 ,"800 g, $0.44/100g","Meals, Entrees & Sides",/p/21521173_EA
Extra Cheesy Mac & Cheese,$4.49 ,$4.49 ,"340 g, $1.32/100g","Meals, Entrees & Sides",/p/20219758_EA
Meat Lasagna,$4.49 ,$4.49 ,"320 g, $1.40/100g","Meals, Entrees & Sides",/p/20309869_EA
Lasagna with Meat Sauce,$2.49 ,$2.49 ,"255 g, $0.98/100g","Meals, Entrees & Sides",/p/21208633_EA
Restaurant Style Waffle Fries,$4.29 ,$4.29 ,"540 g, $0.79/100g","Meals, Entrees & Sides",/p/21400506_EA
Original Hash Brown Patties,$6.99 ,$6.99 ,"1.2 kg, $0.58/100g","Meals, Entrees & Sides",20096327001_EA
Shoestring Fries,$3.49 ,$3.49 ,"800 g, $0.44/100g","Meals, Entrees & Sides",/p/21525019_EA
Superfries® Crinkle Cut Fries,$4.99 ,$4.99 ,"650 g, $0.77/100g","Meals, Entrees & Sides",/p/20799359_EA
Meat Lasagna,$8.00 ,$8.00 ,"1.13 kg, $0.71/100g","Meals, Entrees & Sides",/p/20326534_EA
Chicken Korma,$4.49 ,$4.49 ,"350 g, $1.28/100g","Meals, Entrees & Sides",20312253003_EA
Straight Cut French Fries,$3.49 ,$3.49 ,"800 g, $0.44/100g","Meals, Entrees & Sides",/p/21521219_EA
Fries Extra Thin Gourmet,$4.29 ,$4.29 ,"750 g, $0.57/100g","Meals, Entrees & Sides",/p/20962093_EA
Superfries® Sweet Potato Plank Cut,$4.99 ,$4.99 ,"454 g, $1.10/100g","Meals, Entrees & Sides",20038603002_EA
"Perogies, Potato and Cheddar Flavour",$2.49 ,$2.49 ,"907 g, $0.27/100g","Meals, Entrees & Sides",/p/20811240_EA
Alfredo Chicken ,$2.49 ,$2.49 ,"227 g, $1.10/100g","Meals, Entrees & Sides",/p/21367945_EA
Penne Pollo,$2.49 ,$2.49 ,"255 g, $0.98/100g","Meals, Entrees & Sides",/p/21208673_EA
Macaroni and Beef,$2.49 ,$2.49 ,"255 g, $0.98/100g","Meals, Entrees & Sides",/p/21208589_EA
"Pre-Cooked Perogies, Potato and Cheddar Cheese",$3.49 ,$3.49 ,"907 g, $0.38/100g","Meals, Entrees & Sides",/p/20527369_EA
Superfries® Extra Crispy Spicy Straight Cut Fries,$4.99 ,$4.99 ,"650 g, $0.77/100g","Meals, Entrees & Sides",/p/20798866_EA
Superfries® Extra Crispy Straight Cut,$4.99 ,$4.99 ,"650 g, $0.77/100g","Meals, Entrees & Sides",/p/20799351_EA
Superfries® Straight Cut,$4.99 ,$4.99 ,"650 g, $0.77/100g","Meals, Entrees & Sides",/p/20799529_EA
Superfries® Extra Crispy Crinkle Cut Fries,$4.99 ,$4.99 ,"650 g, $0.77/100g","Meals, Entrees & Sides",/p/20799094_EA
Meat Lasagna,$14.99 ,$14.99 ,"2.27 kg, $0.66/100g","Meals, Entrees & Sides",/p/20134930_EA
Spaghetti Bolognese,$2.49 ,$2.49 ,"255 g, $0.98/100g","Meals, Entrees & Sides",/p/21208674_EA
Bistro Selects™ Savoury Wedges,$4.99 ,$4.99 ,"650 g, $0.77/100g","Meals, Entrees & Sides",/p/20798979_EA
Chicken Tikka Masala,$4.49 ,$4.49 ,"350 g, $1.28/100g","Meals, Entrees & Sides",/p/20987545_EA
Tao Chicken,$2.49 ,$2.49 ,"227 g, $1.10/100g","Meals, Entrees & Sides",/p/21367939_EA
Cavendish Farms Simply Homestyle Straight Cut Fries (750 G),$4.29 ,$4.29 ,"750 g, $0.57/100g","Meals, Entrees & Sides",20318419001_EA
Grilled Chicken & Vegetables,$1.77 ,$3.99 ,"285 g, $0.62/100g","Meals, Entrees & Sides",20159140006_EA
Chicken & Vegetable Potstickers,$5.00 ,$5.00 ,"567 g, $0.88/100g","Meals, Entrees & Sides",/p/21495805_EA
Crispy Chicken Slider,$6.99 ,$6.99 ,"320 g, $2.18/100g","Meals, Entrees & Sides",/p/20821936_EA
Spring Roll Pastry,$2.49 ,$2.99 ,"420 g, $0.59/100g","Meals, Entrees & Sides",/p/21022148_EA
Rotisserie Style Beef Pot Pie,$10.99 ,$10.99 ,"655 g, $1.68/100g","Meals, Entrees & Sides",/p/21046979_EA
"Perogies, Bacon and Romano Cheese Flavour",$3.49 ,$3.49 ,"907 g, $0.38/100g","Meals, Entrees & Sides",/p/20527159_EA
Mac N' Cheese Butter Chicken,$9.29 ,$9.29 ,"454 g, $2.05/100g","Meals, Entrees & Sides",/p/21414066_EA
Sanuki-Style Udon     ,$5.29 ,$5.29 ,"1.25 kg, $0.42/100g","Meals, Entrees & Sides",/p/20570578_EA
Southwest-Style Chili Protein Bowl,$4.49 ,$4.49 ,"300 g, $1.50/100g","Meals, Entrees & Sides",/p/21290196_EA
Smokey BBQ Angus Beef Frozen Meal,$5.29 ,$5.29 ,"283 g, $1.87/100g","Meals, Entrees & Sides",/p/21174605_EA
Butter Chicken,$6.79 ,$6.79 ,"354 g, $1.92/100g","Meals, Entrees & Sides",/p/20973182_EA
Just Egg Plant,$6.99 ,$6.99 ,"56.75 g, $12.32/100g","Meals, Entrees & Sides",/p/21375413_EA
"Meatless Italian Sausage Style Crumbles, Pepper & Kale Flatbread",$11.49 ,$11.49 ,"327 g, $3.51/100g","Meals, Entrees & Sides",/p/21457723_EA
Perogies Vegan Cheddar Style,$11.99 ,$11.99 ,"520 g, $2.31/100g","Meals, Entrees & Sides",/p/21189551_EA
"Perogies, Cheddar Cheese",$7.49 ,$7.49 ,"2 kg, $0.37/100g","Meals, Entrees & Sides",/p/20527224_EA
Spicy Lattice Cut Fries,$4.99 ,$4.99 ,"540 g, $0.92/100g","Meals, Entrees & Sides",/p/20799694_EA
"Perogies, Variety Pack",$7.49 ,$7.49 ,"2 kg, $0.37/100g","Meals, Entrees & Sides",/p/20142076_EA
Extra Cheesy Mac & Cheese,$8.00 ,$8.00 ,"1.13 kg, $0.71/100g","Meals, Entrees & Sides",/p/20314880_EA
Stuffed Butternut Squash,$12.99 ,$12.99 ,"600 g, $2.17/100g","Meals, Entrees & Sides",/p/21476215_EA
"Mushroom, Caramelized Onion & Fig Flatbread",$11.49 ,$11.49 ,"354 g, $3.25/100g","Meals, Entrees & Sides",/p/21457730_EA
Mandarin Orange Crispy Chicken,$7.29 ,$7.29 ,"300 g, $2.43/100g","Meals, Entrees & Sides",/p/20633676_EA
Mediterranean Beef Croquettes With Hummus,$9.29 ,$9.29 ,"390 g, $2.38/100g","Meals, Entrees & Sides",/p/21414158_EA
Superfries Coated Fried Potatoes Extra Crispy Spirals Family,$12.99 ,$12.99 ,"1.9 kg, $0.68/100g","Meals, Entrees & Sides",/p/21527539_EA
Sweet N Sour Chicken,$5.00 ,$5.00 ,"283 g, $1.77/100g","Meals, Entrees & Sides",/p/21041166_EA
Free From Sirloin Beef Pie,$8.99 ,$8.99 ,"800 g, $1.12/100g","Meals, Entrees & Sides",/p/20896666_EA
Creamy Chicken Alfredo,$9.49 ,$9.49 ,"680 g, $1.40/100g","Meals, Entrees & Sides",/p/20902896_EA
Superfries® Rosemary & Garlic Crinkle Cut,$4.99 ,$4.99 ,"650 g, $0.77/100g","Meals, Entrees & Sides",/p/21049400_EA
Rigatoni Pomodoro,$2.49 ,$2.49 ,"255 g, $0.98/100g","Meals, Entrees & Sides",/p/21208637_EA
Restaurant Style Crispy Sweet Onion Rings,$10.49 ,$10.49 ,"1 kg, $1.05/100g","Meals, Entrees & Sides",/p/20827761_EA
"Potato, Golden Hash Brown Patties Frozen Fried es ",$10.00 ,$10.00 ,"3 kg, $0.33/100g","Meals, Entrees & Sides",/p/21407411_EA
Power Bowls Korean-Inspired Beef,$5.99 ,$5.99 ,"269 g, $2.23/100g","Meals, Entrees & Sides",/p/21080270_EA
Cuisine Burger Spicy Bean,$7.49 ,$7.49 ,"364 g, $2.64/100g","Meals, Entrees & Sides",20137891001_EA
Chicken Broccoli Cheddar Bake,$12.99 ,$12.99 ,"1 kg, $1.30/100g","Meals, Entrees & Sides",/p/21364308_EA
Restaurant Style All - Seasoned Kettle Style Potato Wedges,$4.29 ,$4.29 ,"750 g, $0.57/100g","Meals, Entrees & Sides",/p/21040702_EA
Zero Sesame Chicken With Zoodles,$5.99 ,$5.99 ,"269 g, $2.23/100g","Meals, Entrees & Sides",/p/21474991_EA
Butter Chicken,$12.99 ,$12.99 ,"907 g, $1.43/100g","Meals, Entrees & Sides",/p/21359210_EA
Beef Stroganoff,$12.99 ,$12.99 ,"907 g, $1.43/100g","Meals, Entrees & Sides",/p/21364274_EA
Shepherd's Pie,$10.99 ,$10.99 ,"900 g, $1.22/100g","Meals, Entrees & Sides",/p/20503366_EA
"Bistro Flatbreads, 4 Cheese Grilled Chicken",$1.77 ,$4.99 ,"184 g, $0.96/100g","Meals, Entrees & Sides",/p/21433033_EA
Rice Ball with Peanut,$3.99 ,$3.99 ,"400 g, $1.00/100g","Meals, Entrees & Sides",/p/20997861_EA
Simply Meatball Marinara ,$5.49 ,$5.49 ,"283 g, $1.94/100g","Meals, Entrees & Sides",/p/20974539_EA
Cabbage Rolls,$17.99 ,$17.99 ,"1.81 kg, $0.99/100g","Meals, Entrees & Sides",/p/20297974_EA
Beer-Battered Chicken,$5.49 ,$5.49 ,"411 g, $1.34/100g","Meals, Entrees & Sides",/p/20545632_EA
Vegetable Lasagna ,$8.00 ,$8.00 ,"1.13 kg, $0.71/100g","Meals, Entrees & Sides",/p/20301001_EA
Beefless Ground,$7.29 ,$7.29 ,"390 g, $1.87/100g","Meals, Entrees & Sides",/p/21067381_EA
Chicken & Vegetable Mini Wontons,$3.99 ,$6.49 ,"454 g, $0.88/100g","Meals, Entrees & Sides",/p/21365827_EA
Barbecue Wings,$7.29 ,$7.29 ,"255 g, $2.86/100g","Meals, Entrees & Sides",/p/21113085_EA
Bowl Fulls Cheesy Meatball Marinara,$1.77 ,$5.99 ,"305 g, $0.58/100g","Meals, Entrees & Sides",/p/21361174_EA
Bistro Selects™ 9 Minute Savoury Frites,$4.99 ,$4.99 ,"600 g, $0.83/100g","Meals, Entrees & Sides",/p/21308857_EA
Pork and Vegetable Potstickers,$5.00 ,$5.00 ,"567 g, $0.88/100g","Meals, Entrees & Sides",/p/21495823_EA
Masoor (Lentil) Biryani With Saffron Rice Medium Spice,$6.79 ,$6.79 ,"350 g, $1.94/100g","Meals, Entrees & Sides",/p/21527689_EA
Chicken Parm Radiatori Bake,$12.99 ,$12.99 ,"1 kg, $1.30/100g","Meals, Entrees & Sides",/p/21524774_EA
Chicken Cutlettes Buffalo Style,$5.49 ,$5.49 ,"428 g, $1.28/100g","Meals, Entrees & Sides",20296014006_EA
Mozzarella Sticks,$8.49 ,$8.49 ,"283 g, $3.00/100g","Meals, Entrees & Sides",/p/21433520_EA
Pesto Ravioli with Spicy Italian Sausage,$5.29 ,$5.29 ,"340 g, $1.56/100g","Meals, Entrees & Sides",/p/21352207_EA
Chicken in Wine Sauce,$3.99 ,$3.99 ,"212 g, $1.88/100g","Meals, Entrees & Sides",20159140012_EA
Sweet Pineapple Chicken Teriyaki Bowl,$6.79 ,$6.79 ,"349 g, $1.95/100g","Meals, Entrees & Sides",/p/21169905_EA
Korean Fried Chicken,$4.99 ,$4.99 ,"400 g, $1.25/100g","Meals, Entrees & Sides",/p/21204236_EA
Zap'ems Taco Bites,$2.49 ,$2.49 ,"156 g, $1.60/100g","Meals, Entrees & Sides",/p/21208443_EA
Diner Classics Swedish Meatballs,$1.77 ,$4.99 ,"270 g, $0.66/100g","Meals, Entrees & Sides",/p/21238785_EA
Large Size Frozen Fried Potatoes,$10.49 ,$10.49 ,"2.25 kg, $0.47/100g","Meals, Entrees & Sides",/p/21306372_EA
Bowl Fulls Cheesy Meatball Marinara,$1.77 ,$5.99 ,"305 g, $0.58/100g","Meals, Entrees & Sides",/p/21361174_EA
Cheese Cannelloni ,$12.99 ,$12.99 ,"1.13 kg, $1.15/100g","Meals, Entrees & Sides",/p/21102129_EA
Vegetable & Chicken Dumplings,$4.88 ,$4.88 ,"567 g, $0.86/100g","Meals, Entrees & Sides",20319243004_EA
"Perogies, Potato and Bacon Flavour",$2.49 ,$2.49 ,"907 g, $0.27/100g","Meals, Entrees & Sides",/p/20811199_EA
Selections Balsamic Chicken Frozen Entrée,$1.77 ,$3.49 ,"217 g, $0.82/100g","Meals, Entrees & Sides",/p/21361970_EA
Vegan Dumplings,$4.99 ,$4.99 ,"454 g, $1.10/100g","Meals, Entrees & Sides",/p/21299802_EA
Chicken Pho Noodles Soup,$4.49 ,$4.99 ,"0.25 kg, $1.80/100g","Meals, Entrees & Sides",/p/20956750_EA
Crispy Fingers Chipotle Lime,$7.29 ,$7.29 ,"270 g, $2.70/100g","Meals, Entrees & Sides",/p/21113106_EA
"Crispy Tendr, Seven Grain",$7.29 ,$7.29 ,"255 g, $2.86/100g","Meals, Entrees & Sides",20371426001_EA
"Potato & Bacon Flavour Perogies, Club Size",$5.00 ,$5.00 ,"2 kg, $0.25/100g","Meals, Entrees & Sides",20323762003_EA
Jumbo Popcorn Chicken Croquettes,$5.49 ,$5.49 ,"397 g, $1.38/100g","Meals, Entrees & Sides",20296014008_EA
Creamy White Mac,$9.49 ,$9.49 ,"680 g, $1.40/100g","Meals, Entrees & Sides",/p/20902816_EA
Beef Vindaloo,$6.79 ,$6.79 ,"350 g, $1.94/100g","Meals, Entrees & Sides",/p/20973257_EA
Pork & Vegetable Mini Wontons,$3.99 ,$6.49 ,"454 g, $0.88/100g","Meals, Entrees & Sides",/p/21365814_EA
Diner Classics Salisbury Steak,$1.77 ,$1.77 ,"282 g, $0.63/100g","Meals, Entrees & Sides",/p/21237544_EA
Eggplant Parmesan,$12.99 ,$12.99 ,"907 g, $1.15/100g","Meals, Entrees & Sides",/p/21364316_EA
3 Cheese & Kale Bake Bowls,$7.49 ,$7.49 ,"241 g, $3.11/100g","Meals, Entrees & Sides",/p/21086183_EA
Dal Makhani,$6.49 ,$6.49 ,"283 g, $2.29/100g","Meals, Entrees & Sides",20707520001_EA
Chicken Parmesan ,$5.99 ,$5.99 ,"371 g, $1.61/100g","Meals, Entrees & Sides",/p/21447480_EA
Dumpling Pork Vegetable,$4.99 ,$4.99 ,"500 g, $1.00/100g","Meals, Entrees & Sides",/p/21299896_EA
"Gourmet Steamers, Grilled Chicken Marinara",$5.00 ,$5.00 ,"283 g, $1.77/100g","Meals, Entrees & Sides",20318616005_EA
XL Chicken Fajita Bowl,$6.79 ,$6.79 ,"397 g, $1.71/100g","Meals, Entrees & Sides",/p/21359365_EA
KD Deluxe Creamy Cheddar Macaroni & Cheese Frozen Dinner,$5.29 ,$5.29 ,"340 g, $1.56/100g","Meals, Entrees & Sides",/p/21553329_EA
Chicken Pot Pie,$10.99 ,$10.99 ,"650 g, $1.69/100g","Meals, Entrees & Sides",/p/21047194_EA
Meat Lasagna,$8.00 ,$8.00 ,"1.13 kg, $0.71/100g","Meals, Entrees & Sides",/p/20530286_EA
"Extra Cheesy, Mac & Cheese, Club Size",$14.99 ,$14.99 ,"2 kg, $0.75/100g","Meals, Entrees & Sides",/p/21178593_EA
Sweet Potato Chunks,$4.99 ,$4.99 ,"400 g, $1.25/100g","Meals, Entrees & Sides",/p/21359247_EA
Power Bowls Adobo Chicken,$5.99 ,$5.99 ,"276 g, $2.17/100g","Meals, Entrees & Sides",/p/21080265_EA
Chicken Marinara,$5.99 ,$5.99 ,"262 g, $2.29/100g","Meals, Entrees & Sides",/p/21219916_EA
Mac & Cheese,$4.49 ,$4.49 ,"300 g, $1.50/100g","Meals, Entrees & Sides",/p/21364244_EA
Grande Lasagna with Meat Sauce,$3.49 ,$3.49 ,"454 g, $0.77/100g","Meals, Entrees & Sides",/p/20961200_EA
Simply Steamers Creamy Spinach & Tomato Linguini,$5.49 ,$5.49 ,"255 g, $2.15/100g","Meals, Entrees & Sides",/p/21097781_EA
FlavourCrisp Crispy Spicy Cracked Pepper Straight Cut Fries,$10.49 ,$10.49 ,"2 kg, $0.52/100g","Meals, Entrees & Sides",/p/21449706_EA
Zero Verde Chicken,$5.99 ,$5.99 ,"269 g, $2.23/100g","Meals, Entrees & Sides",/p/21475064_EA
Pork & Vegetable Dumplings,$4.88 ,$4.88 ,"567 g, $0.86/100g","Meals, Entrees & Sides",20319243001_EA
Large Size Frozen Fried Potatoes,$10.49 ,$10.49 ,"2.25 kg, $0.47/100g","Meals, Entrees & Sides",/p/21306366_EA
"Potatoes, Sour Cream & Chives Perogies",$2.49 ,$2.49 ,"907 g, $0.27/100g","Meals, Entrees & Sides",/p/21406553_EA
Chicken Pot Pie 2 x 235 g,$8.99 ,$8.99 ,"470 g, $1.91/100g","Meals, Entrees & Sides",/p/21047192_EA
s Grande 1LB Macaroni & Cheese,$3.49 ,$3.49 ,"454 g, $0.77/100g","Meals, Entrees & Sides",/p/20984978_EA
Mushroom Rice Burger,$7.49 ,$7.49 ,"284 g, $2.64/100g","Meals, Entrees & Sides",/p/20315489_EA
Chicken Fried Rice,$12.99 ,$12.99 ,"1.19 kg, $1.09/100g","Meals, Entrees & Sides",/p/21221015_EA
Thai Peanut Chicken,$3.99 ,$3.99 ,"248 g, $1.61/100g","Meals, Entrees & Sides",/p/20731984_EA
XL Chicken Croquettes & Jalapeno Pepper Mac ‘n Cheese,$6.79 ,$6.79 ,"397 g, $1.71/100g","Meals, Entrees & Sides",/p/21359252_EA
Cheddar Jalapeño Medium Sticks,$8.49 ,$8.49 ,"283 g, $3.00/100g","Meals, Entrees & Sides",/p/21433523_EA
Frozen Chicken Schnitzel Cutlets,$13.99 ,$13.99 ,"450 g, $3.11/100g","Meals, Entrees & Sides",/p/21551428_EA
Vegetable And Chicken Dumplings,$4.99 ,$4.99 ,"500 g, $1.00/100g","Meals, Entrees & Sides",/p/21301225_EA
Pork & Leek Potstickers,$5.00 ,$5.00 ,"567 g, $0.88/100g","Meals, Entrees & Sides",/p/21495779_EA
Meatless Pepperoni with Jalapeño Vegetable Crust Pizza,$10.49 ,$10.49 ,"405 g, $2.59/100g","Meals, Entrees & Sides",/p/21240353_EA
Chicken Biryani With Saffron Rice Medium Spice,$6.79 ,$6.79 ,"350 g, $1.94/100g","Meals, Entrees & Sides",/p/21527683_EA
Pulled Chicken Burrito Bowl Frozen Meal,$5.29 ,$5.29 ,"320 g, $1.65/100g","Meals, Entrees & Sides",/p/21174579_EA
The Sausage,$8.99 ,$8.99 ,"240 g, $3.75/100g","Meals, Entrees & Sides",/p/21440434_EA
All Day Breakfast Double Sausage and Bacon Loaded Tots,$5.29 ,$5.29 ,"255 g, $2.07/100g","Meals, Entrees & Sides",/p/21355638_EA
Power Bowl Chicken,$5.99 ,$5.99 ,"262 g, $2.29/100g","Meals, Entrees & Sides",/p/21193628_EA
Shredded Hashbrowns,$4.99 ,$4.99 ,"650 g, $0.77/100g","Meals, Entrees & Sides",/p/21380590_EA
Chick'n Wings Spicy Gochujang-Style,$7.29 ,$7.29 ,"240 g, $3.04/100g","Meals, Entrees & Sides",/p/21448595_EA
"Saus'ge Patties, Spicy",$7.49 ,$7.49 ,"190 g, $3.94/100g","Meals, Entrees & Sides",/p/21213080_EA
Poutine Chicken Shawarma With Garlic Sauce With Quebec Cheese Curds,$9.29 ,$9.29 ,"454 g, $2.05/100g","Meals, Entrees & Sides",/p/21414255_EA
Mediterranean-Style Grain & Chicken Protein Bowl,$4.49 ,$4.49 ,"300 g, $1.50/100g","Meals, Entrees & Sides",/p/21290184_EA
Bistro Selects™ Tater Crisps™ Extra Crunchy,$4.99 ,$4.99 ,"750 g, $0.67/100g","Meals, Entrees & Sides",/p/21094808_EA
Hong Kong Style Bbq Flavor Bun ,$2.99 ,$3.99 ,"210 g, $1.42/100g","Meals, Entrees & Sides",/p/21363913_EA
Free From Turkey Pot Pie Frozen,$8.99 ,$8.99 ,"800 g, $1.12/100g","Meals, Entrees & Sides",/p/21047078_EA
Basil Pesto Chicken,$5.99 ,$5.99 ,"262 g, $2.29/100g","Meals, Entrees & Sides",/p/21219870_EA
BBQ Pork Steamed Buns,$7.49 ,$7.99 ,"680 g, $1.10/100g","Meals, Entrees & Sides",20219240001_EA
Bowl Fulls Mac and Cheese with Bacon,$1.77 ,$6.79 ,"305 g, $0.58/100g","Meals, Entrees & Sides",/p/21361672_EA
Diner Classics Fried Chicken Breast,$1.77 ,$4.49 ,"251 g, $0.71/100g","Meals, Entrees & Sides",/p/21235429_EA
Falafel Bites With Tahini Organic,$8.99 ,$8.99 ,"285 g, $3.15/100g","Meals, Entrees & Sides",/p/21414093_EA
Veggie Breaded Chick'N Burgers Simulated Chicken Burgers,$6.99 ,$6.99 ,"352 g, $1.99/100g","Meals, Entrees & Sides",/p/21437002_EA
"Selections, Meat Lasagna",$1.77 ,$3.99 ,"274 g, $0.65/100g","Meals, Entrees & Sides",20159140002_EA
Turkey and Italian Sausage Bake Frozen Meal,$5.29 ,$5.29 ,"283 g, $1.87/100g","Meals, Entrees & Sides",/p/21085511_EA
Green Onion Pancakes,$4.99 ,$5.99 ,"600 g, $0.83/100g","Meals, Entrees & Sides",/p/20814816_EA
Spring Roll Pastry,$1.99 ,$2.29 ,"400 g, $0.50/100g","Meals, Entrees & Sides",/p/20131105_EA
Shrimp Wonton Soup With Noodles,$4.49 ,$4.99 ,"258 g, $1.74/100g","Meals, Entrees & Sides",/p/20958324_EA
Savoury Homefries,$4.99 ,$4.99 ,"650 g, $0.77/100g","Meals, Entrees & Sides",/p/21380595_EA
Pork Dumplings ,$4.99 ,$4.99 ,"500 g, $1.00/100g","Meals, Entrees & Sides",/p/21301227_EA
Pork Button Bones In Bbq Sauce,$10.00 ,$10.00 ,"1 kg, $1.00/100g","Meals, Entrees & Sides",/p/21515768_EA
Fried Chicken ,$5.49 ,$5.49 ,"360 g, $1.53/100g","Meals, Entrees & Sides",20296014004_EA
"Ready Veggie Tots, Cauliflower",$5.49 ,$5.49 ,"400 g, $1.37/100g","Meals, Entrees & Sides",/p/21447361_EA
Thai Chicken,$5.99 ,$6.99 ,"400 g, $1.50/100g","Meals, Entrees & Sides",/p/21047530_EA
Tourtière,$13.99 ,$14.99 ,"900 g, $1.55/100g","Meals, Entrees & Sides",/p/21478018_EA
"Bistro Flatbreads, Meatball Marinara",$1.77 ,$4.99 ,"187 g, $0.95/100g","Meals, Entrees & Sides",/p/21432987_EA
Chicken Fettuccine,$1.77 ,$3.99 ,"237 g, $0.75/100g","Meals, Entrees & Sides",20159140008_EA
"Nacho Chicken Loaded Potatoes Bowl, High in Protein",$1.77 ,$7.99 ,"300 g, $0.59/100g","Meals, Entrees & Sides",/p/21521626_EA
Shoestring Fries,$6.29 ,$6.29 ,"1.5 kg, $0.42/100g","Meals, Entrees & Sides",/p/20799530_EA
"Skillet Meals, Family Size Alfredo Chicken",$12.99 ,$12.99 ,"1.19 kg, $1.09/100g","Meals, Entrees & Sides",/p/20745335_EA
Hungryman Salisbury Steak,$4.29 ,$4.29 ,"345 g, $1.24/100g","Meals, Entrees & Sides",20077553002_EA
Fried Chicken,$4.29 ,$4.29 ,"280 g, $1.53/100g","Meals, Entrees & Sides",20077553001_EA
Ginger Beef,$5.99 ,$6.99 ,"400 g, $1.50/100g","Meals, Entrees & Sides",/p/21047378_EA
Crinkle Cut French Fries,$6.29 ,$6.29 ,"1.5 kg, $0.42/100g","Meals, Entrees & Sides",/p/20799763_EA
Meat Lasagna,$12.99 ,$12.99 ,"2.27 kg, $0.57/100g","Meals, Entrees & Sides",/p/20099795_EA
Chicken Lasagna,$12.99 ,$12.99 ,"1.13 kg, $1.15/100g","Meals, Entrees & Sides",/p/20051295_EA
Meat Lasagna,$14.99 ,$14.99 ,"2.27 kg, $0.66/100g","Meals, Entrees & Sides",/p/20312835_EA
"Perogies, Cream Cheese & Savoury Dill",$3.49 ,$3.49 ,"815 g, $0.43/100g","Meals, Entrees & Sides",20811425002_EA
Tasti Taters® - Tater Tots,$8.49 ,$8.49 ,"1.8 kg, $0.47/100g","Meals, Entrees & Sides",/p/21049522_EA
"Meat & Potatoes, Smokehouse Style",$5.29 ,$5.29 ,"278x278.0 g, $1.90/100g","Meals, Entrees & Sides",/p/21553457_EA
Cuisine Burger Meatless,$7.49 ,$7.49 ,"284 g, $2.64/100g","Meals, Entrees & Sides",20137891002_EA
XL Country Fried Chicken Croquettes Bowl,$6.79 ,$6.79 ,"397 g, $1.71/100g","Meals, Entrees & Sides",/p/21219524_EA
Falafel      ,$6.49 ,$6.49 ,"260 g, $2.50/100g","Meals, Entrees & Sides",/p/21209325_EA
Grande Fettuccine Alfredo,$3.49 ,$3.49 ,"454 g, $0.77/100g","Meals, Entrees & Sides",/p/20961202_EA
All-Day Breakfast Hash Brown Waffles,$4.29 ,$4.29 ,"625 g, $0.69/100g","Meals, Entrees & Sides",/p/21306356_EA
Gluten Free Spinach and Goat Cheese Beet & Cauliflower Flatbread,$9.49 ,$9.49 ,"374 g, $2.54/100g","Meals, Entrees & Sides",/p/21395070_EA
Hong Kong Style Bbq Flavor Rice Roll ,$2.99 ,$3.99 ,"197 g, $1.52/100g","Meals, Entrees & Sides",/p/21363909_EA
Diner Classics Beef Stroganoff,$1.77 ,$1.77 ,"245 g, $0.72/100g","Meals, Entrees & Sides",/p/21361972_EA
Pulled Pork,$5.99 ,$10.97 ,"400 g, $1.50/100g","Meals, Entrees & Sides",/p/20182404_EA
Walnut Mushroom Bolognese Plant-Based,$12.49 ,$12.49 ,"454 g, $2.75/100g","Meals, Entrees & Sides",/p/21477004_EA
Cavendish Farms Flavourcrisp Crispy Spicy Cracked Pepper Straight Cut (750G),$4.29 ,$4.29 ,"750 g, $0.57/100g","Meals, Entrees & Sides",/p/20730213_EA
Chicken Pot Pie,$10.99 ,$10.99 ,"800 g, $1.37/100g","Meals, Entrees & Sides",/p/20896663_EA
Shrimp Dumpling  Hargow,$2.99 ,$3.99 ,"104 g, $2.88/100g","Meals, Entrees & Sides",/p/21363888_EA
Cavendish Farms Restaurant Style Diner Style Hash Browns (1.5 Kg),$10.49 ,$10.49 ,"1.5 kg, $0.70/100g","Meals, Entrees & Sides",/p/20939547_EA
Vegetable Lasagna,$8.00 ,$8.00 ,"1.13 kg, $0.71/100g","Meals, Entrees & Sides",/p/20314787_EA
Chole Bhature,$6.49 ,$6.49 ,"300 g, $2.16/100g","Meals, Entrees & Sides",/p/20711392_EA
Tourtière Fully Cooked,$8.99 ,$8.99 ,"470 g, $1.91/100g","Meals, Entrees & Sides",/p/21046993_EA
Cheese Ravioli,$1.77 ,$3.99 ,"222 g, $0.80/100g","Meals, Entrees & Sides",20159140009_EA
Chicken Korma,$4.49 ,$4.49 ,"350 g, $1.28/100g","Meals, Entrees & Sides",20309193005_EA
FlavourCrisp Crispy Classic Straight Cut Fries,$10.49 ,$10.49 ,"2 kg, $0.52/100g","Meals, Entrees & Sides",/p/21449731_EA
"Grande, Macaroni and Beef",$3.49 ,$3.49 ,"454 g, $0.77/100g","Meals, Entrees & Sides",/p/20961195_EA
Tuna Poke With Avocado Ponzu And Rice,$9.99 ,$10.49 ,"454 g, $2.20/100g","Meals, Entrees & Sides",/p/21414082_EA
Best Lasagna,$12.49 ,$12.49 ,"907 g, $1.38/100g","Meals, Entrees & Sides",20297658001_EA
"Bistro Flatbreads, Ham and Double Cheese",$1.77 ,$4.99 ,"184 g, $0.96/100g","Meals, Entrees & Sides",/p/21432998_EA
Zero Tomato Basil Chicken,$5.99 ,$5.99 ,"269 g, $2.23/100g","Meals, Entrees & Sides",/p/21475020_EA
Power Bowls Cauliflower Curry 280 g,$5.99 ,$5.99 ,"280 g, $2.14/100g","Meals, Entrees & Sides",/p/21169326_EA
Seafood Lasagna,$12.99 ,$12.99 ,"1.13 kg, $1.15/100g","Meals, Entrees & Sides",/p/20319958_EA
Onion Hash Brown Patties,$6.99 ,$6.99 ,"1.2 kg, $0.58/100g","Meals, Entrees & Sides",/p/20731852_EA
Plant Based Cauliflower & Chickpea Pie,$10.99 ,$10.99 ,"650 g, $1.69/100g","Meals, Entrees & Sides",/p/21388122_EA
Salisbury Steak ,$5.49 ,$5.49 ,"455 g, $1.21/100g","Meals, Entrees & Sides",20296014002_EA
Simply Chicken Stir Fry,$5.49 ,$5.49 ,"262 g, $2.10/100g","Meals, Entrees & Sides",/p/20974315_EA
Diner Classics Turkey & Stuffing,$1.77 ,$4.99 ,"273 g, $0.65/100g","Meals, Entrees & Sides",/p/21235412_EA
Mini Glutinous Rice Dumpling With Abalone Sauce Flavour,$2.99 ,$3.99 ,"201 g, $1.49/100g","Meals, Entrees & Sides",/p/21363910_EA
Frozen Pork Schnitzel Cutlets,$13.99 ,$13.99 ,"450 g, $3.11/100g","Meals, Entrees & Sides",/p/21551501_EA
Cheesy Loaded Potatoes with Angus Beef Frozen Meal,$5.29 ,$5.29 ,"284 g, $1.86/100g","Meals, Entrees & Sides",/p/21239301_EA
Mac & 3 Cheese With Cauliflower Bowls Gluten Free,$6.99 ,$6.99 ,"234 g, $2.99/100g","Meals, Entrees & Sides",/p/21520705_EA
Savory Stuffed Turkey,$9.99 ,$9.99 ,"454 g, $2.20/100g","Meals, Entrees & Sides",/p/20527710_EA
Fishless Fillet,$7.29 ,$7.29 ,"288 g, $2.53/100g","Meals, Entrees & Sides",/p/20822229_EA
Cheesy Loaded Potatoes with Angus Beef Frozen Meal,$5.29 ,$5.29 ,"284 g, $1.86/100g","Meals, Entrees & Sides",/p/21239301_EA
"Perogies, Roast Garlic",$3.49 ,$3.49 ,"907 g, $0.38/100g","Meals, Entrees & Sides",20754370001_EA
Chicken Pot Pie,$8.99 ,$8.99 ,"470 g, $1.91/100g","Meals, Entrees & Sides",/p/21047000_EA
Superfries® Sweet Potato Crinkle Cut,$4.99 ,$4.99 ,"454 g, $1.10/100g","Meals, Entrees & Sides",20038603001_EA
Pad Thai,$7.49 ,$7.49 ,"269 g, $2.78/100g","Meals, Entrees & Sides",/p/20819961_EA
Pork Schnitzel Cutlettes,$10.00 ,$10.00 ,"900 g, $1.11/100g","Meals, Entrees & Sides",/p/21481377_EA
Cauliflower Wings Sweet Chili Plant-Based,$7.29 ,$7.29 ,"255 g, $2.86/100g","Meals, Entrees & Sides",/p/21448377_EA
Roast Beef au Jus,$5.99 ,$10.97 ,"375 g, $1.60/100g","Meals, Entrees & Sides",/p/20078077_EA
"Perogies, Three Cheese",$3.49 ,$3.49 ,"907 g, $0.38/100g","Meals, Entrees & Sides",/p/20527641_EA
Notchicken Burger Breaded Plant-Based Burgers,$8.99 ,$8.99 ,"85 g, $10.58/100g","Meals, Entrees & Sides",/p/21495437_EA
Skillet Chicken,$12.99 ,$12.99 ,"1.19 kg, $1.09/100g","Meals, Entrees & Sides",/p/21220983_EA
"Perogies, Pizza",$3.49 ,$3.49 ,"815 g, $0.43/100g","Meals, Entrees & Sides",/p/21098195_EA
Superfries Coated Fried Potatoes Extra Crispy Beer Battered Crinkle Steak Cut Family,$12.99 ,$12.99 ,"1.9 kg, $0.68/100g","Meals, Entrees & Sides",/p/21527546_EA
Lightly Breaded Turkey,$7.29 ,$7.29 ,"300 g, $2.43/100g","Meals, Entrees & Sides",/p/21112745_EA
Beef Steakette Grilled,$5.49 ,$5.49 ,"425 g, $1.29/100g","Meals, Entrees & Sides",20296014007_EA
Pad Thai Chicken,$4.49 ,$4.99 ,"300 g, $1.50/100g","Meals, Entrees & Sides",/p/20957262_EA
Sweet & Sour Pork,$5.99 ,$6.99 ,"400 g, $1.50/100g","Meals, Entrees & Sides",/p/21047353_EA
Chicken Tikka Masala,$6.79 ,$6.79 ,"350 g, $1.94/100g","Meals, Entrees & Sides",/p/20973221_EA
Veggie Nuggets With Whole Wheat Breading Simulated Chicken Nuggets,$6.49 ,$6.49 ,"320 g, $2.03/100g","Meals, Entrees & Sides",/p/21437955_EA
Bistro Selects™ Super Crisps® Steak Cut French Fries,$4.99 ,$4.99 ,"650 g, $0.77/100g","Meals, Entrees & Sides",/p/21285880_EA
Chorizo Egg Scramble with Goat Cheese,$5.29 ,$5.29 ,"200 g, $2.65/100g","Meals, Entrees & Sides",/p/21174590_EA
Korean-Style Buckwheat Noodle & Tofu Protein Bowl,$4.49 ,$4.49 ,"300 g, $1.50/100g","Meals, Entrees & Sides",/p/21290197_EA
"Bite-Size Perogies, Potato and Cheddar Cheese",$3.49 ,$3.49 ,"907 g, $0.38/100g","Meals, Entrees & Sides",/p/20608922_EA
Chickpea Sweet Potato Burger,$7.49 ,$7.49 ,"284 g, $2.64/100g","Meals, Entrees & Sides",/p/20979886_EA
"Gourmet Steamers, Pineapple Chicken",$5.00 ,$5.00 ,"298 g, $1.68/100g","Meals, Entrees & Sides",20318616003_EA
Crispy Chik'N Tenders Plant Based,$7.29 ,$7.29 ,"300 g, $2.43/100g","Meals, Entrees & Sides",/p/21448761_EA
Gluten Free Veg Burger California,$9.49 ,$9.49 ,"283 g, $3.35/100g","Meals, Entrees & Sides",/p/21105502_EA
Mattar Paneer,$7.49 ,$7.49 ,"284 g, $2.64/100g","Meals, Entrees & Sides",20299908003_EA
Diner Classics Beef Pot Roast,$1.77 ,$1.77 ,"249 g, $0.71/100g","Meals, Entrees & Sides",/p/21237546_EA
Mac & Cheese,$8.00 ,$8.00 ,"1.13 kg, $0.71/100g","Meals, Entrees & Sides",/p/21364300_EA
"Fit Bowls, Teriyaki Chicken Bowl",$1.77 ,$6.79 ,"340 g, $0.52/100g","Meals, Entrees & Sides",/p/21080261_EA
Vegetable Lasagna,$14.99 ,$14.99 ,"2.27 kg, $0.66/100g","Meals, Entrees & Sides",/p/20320219_EA
Valley Selections Savoury Garlic Pasta & Vegetables,$4.79 ,$4.79 ,"500 g, $0.96/100g","Meals, Entrees & Sides",/p/21022096_EA
"Meat Pies, Chicken Pie",$1.79 ,$2.25 ,"200 g, $0.90/100g","Meals, Entrees & Sides",20320525001_EA
Fried Potatoes Small Chunky Diced,$10.00 ,$10.00 ,"2720 g, $0.37/100g","Meals, Entrees & Sides",/p/21404496_EA
Hot and Spicy Chicken Wings,$7.29 ,$7.29 ,"255 g, $2.86/100g","Meals, Entrees & Sides",/p/21369368_EA
Tourtière ,$10.99 ,$10.99 ,"800 g, $1.37/100g","Meals, Entrees & Sides",/p/20719334_EA
General TSO Tempura Style Chicken,$4.99 ,$4.99 ,"400 g, $1.25/100g","Meals, Entrees & Sides",/p/21204218_EA
Chicken General Tao,$12.99 ,$12.99 ,"907 g, $1.43/100g","Meals, Entrees & Sides",/p/21359136_EA
Tender Ginger Beef & Broccoli Bowl,$6.79 ,$6.79 ,"335 g, $2.03/100g","Meals, Entrees & Sides",/p/21169823_EA
"Bistro Flatbreads, Chicken Fajita",$1.77 ,$4.99 ,"187 g, $0.95/100g","Meals, Entrees & Sides",/p/21433001_EA
Rice Ball with Sesame,$3.99 ,$3.99 ,"400 g, $1.00/100g","Meals, Entrees & Sides",/p/20997838_EA
"Family Sized Skillet Meals, Garlic Chicken",$12.99 ,$12.99 ,"1.19 kg, $1.09/100g","Meals, Entrees & Sides",/p/20745136_EA
Tastie Vegetable Spring Roll,$3.29 ,$3.29 ,"204 g, $1.61/100g","Meals, Entrees & Sides",/p/20995597_EA
"Fit Bowls, Prime Rib Steak Fajita Bowl",$1.77 ,$6.79 ,"340 g, $0.52/100g","Meals, Entrees & Sides",/p/21080255_EA
Riced Cauliflower & Broccoli Florets With Cheese Sauce,$2.99 ,$2.99 ,"198 g, $1.51/100g","Meals, Entrees & Sides",/p/21244391_EA
Pork Dumpling,$4.88 ,$4.88 ,"567 g, $0.86/100g","Meals, Entrees & Sides",20319243003_EA
Broccoli Cheddar Bake Bowl,$7.49 ,$7.49 ,"269 g, $2.78/100g","Meals, Entrees & Sides",/p/20820314_EA
Chicken Parmesan With Tomatoes Bowl,$1.77 ,$6.79 ,"320 g, $0.55/100g","Meals, Entrees & Sides",/p/21237474_EA
Chicken Stir Fry Skillet Meals,$12.99 ,$12.99 ,"1.19 kg, $1.09/100g","Meals, Entrees & Sides",/p/21004538_EA
Plant-Based Crispy Chik'n Bites,$7.29 ,$7.29 ,"300 g, $2.43/100g","Meals, Entrees & Sides",/p/21283662_EA
Quick-N-Easy Beef & Pork Meatloaf With Barbeque Sauce,$5.99 ,$10.49 ,"700 g, $0.86/100g","Meals, Entrees & Sides",/p/21529587_EA
Quick-N-Easy Beef Meatballs In Marinara Sauce,$5.99 ,$10.49 ,"700 g, $0.86/100g","Meals, Entrees & Sides",/p/21529576_EA
"Not Burger Plant-Based Patties, 4 pack",$11.99 ,$11.99 ,"452 g, $2.65/100g","Meals, Entrees & Sides",/p/21455624_EA
"Fit Bowls, Prime Rib Steak Fajita Bowl",$1.77 ,$6.79 ,"340 g, $0.52/100g","Meals, Entrees & Sides",/p/21080255_EA
Sweet & Tangy Pulled Pork with Spicy Sweet Potatoes Frozen Meal,$5.29 ,$5.29 ,"283 g, $1.87/100g","Meals, Entrees & Sides",/p/21085513_EA
"Vegetable, Pork, and Sweet Corn Dumplings",$4.88 ,$4.88 ,"567 g, $0.86/100g","Meals, Entrees & Sides",/p/20660932_EA
Chicken Teriyaki,$5.00 ,$5.00 ,"283 g, $1.77/100g","Meals, Entrees & Sides",/p/21041002_EA
Tastie Vegetable Spring Roll,$3.29 ,$3.29 ,"204 g, $1.61/100g","Meals, Entrees & Sides",/p/20995597_EA
KD Deluxe Four Cheese Macaroni & Cheese Frozen Dinner,$5.29 ,$5.29 ,"340 g, $1.56/100g","Meals, Entrees & Sides",/p/21552618_EA
XL Buffalo-Style Chicken Mac ‘n Cheese,$6.79 ,$6.79 ,"397 g, $1.71/100g","Meals, Entrees & Sides",/p/21219527_EA
Chicken Lasagna,$12.49 ,$12.49 ,"907 g, $1.38/100g","Meals, Entrees & Sides",20297658002_EA
Chicken Fettuccine Alfredo,$5.99 ,$5.99 ,"369 g, $1.62/100g","Meals, Entrees & Sides",/p/21447479_EA
Cauliflower Wings Buffalo Style Plant-Based,$7.29 ,$7.29 ,"255 g, $2.86/100g","Meals, Entrees & Sides",/p/21446783_EA
Beef Cannelloni,$12.99 ,$12.99 ,"1.13 kg, $1.15/100g","Meals, Entrees & Sides",/p/21102131_EA
"Fit Bowls, Chicken with Roasted Cashew Bowl",$1.77 ,$6.79 ,"340 g, $0.52/100g","Meals, Entrees & Sides",/p/21080242_EA
Nashville Style Hot Fried Chicken Cutlettes Bowl ,$6.79 ,$6.79 ,"369 g, $1.84/100g","Meals, Entrees & Sides",/p/21359276_EA
Dry Pork Ribs,$10.00 ,$10.00 ,"800 g, $1.25/100g","Meals, Entrees & Sides",/p/21023427_EA
Beefless Tips,$7.29 ,$7.29 ,"255 g, $2.86/100g","Meals, Entrees & Sides",20371426003_EA
Meatloaf,$5.99 ,$5.99 ,"397 g, $1.51/100g","Meals, Entrees & Sides",/p/21447393_EA
Garlic & Rosemary Potato Wedges,$10.00 ,$10.00 ,"2268 g, $0.44/100g","Meals, Entrees & Sides",/p/21404768_EA
"Heritage Pierogies, Harvest Potatoes with Aged White Cheddar Cheese",$3.49 ,$3.49 ,"815 g, $0.43/100g","Meals, Entrees & Sides",20811425001_EA
Scalloped Potatoes,$12.99 ,$12.99 ,"907 g, $1.43/100g","Meals, Entrees & Sides",/p/21127549_EA
"BowlFULLs, Chicken Bacon Ranch",$1.77 ,$6.79 ,"305 g, $0.58/100g","Meals, Entrees & Sides",/p/21432974_EA
Sweet & Sour Chicken ,$5.99 ,$5.99 ,"397 g, $1.51/100g","Meals, Entrees & Sides",/p/21447415_EA
Pineapple Lemon Chicken,$5.99 ,$6.99 ,"400 g, $1.50/100g","Meals, Entrees & Sides",/p/21047376_EA
Turkey,$5.49 ,$5.49 ,"455 g, $1.21/100g","Meals, Entrees & Sides",20296014003_EA
Rib Style Boneless Pork,$4.29 ,$4.29 ,"298 g, $1.44/100g","Meals, Entrees & Sides",20077553004_EA
White Cheddar Mac & Cheese with Bacon Frozen Meal,$5.29 ,$5.29 ,"300 g, $1.76/100g","Meals, Entrees & Sides",/p/21085515_EA
All Day Breakfast Steak 'N Eggs with Roasted Potatoes,$5.29 ,$5.29 ,"255 g, $2.07/100g","Meals, Entrees & Sides",/p/21352210_EA
Bowl Fulls Cheddar Cheeseburger,$1.77 ,$6.79 ,"320 g, $0.55/100g","Meals, Entrees & Sides",/p/21362907_EA
"Glutinous Rice Ball, Sesame",$2.29 ,$2.29 ,"200 g, $1.15/100g","Meals, Entrees & Sides",20298933001_EA
"Bistro Crustini, Bacon, Egg and Cheese",$1.77 ,$3.99 ,"240 g, $0.74/100g","Meals, Entrees & Sides",/p/21432964_EA
Cauliflower Riced Ready Veggie,$5.49 ,$5.49 ,"500 g, $1.10/100g","Meals, Entrees & Sides",/p/21184694_EA
Oven Baked Chicken and Ham in Macaroni & Cheese,$5.29 ,$5.29 ,"320 g, $1.65/100g","Meals, Entrees & Sides",/p/21352214_EA
"Gourmet Steamers, Sweet Sesame Chicken",$5.00 ,$5.00 ,"292 g, $1.71/100g","Meals, Entrees & Sides",20318616009_EA
Grande Macaroni & Sharp Cheddar Cheese,$3.49 ,$3.49 ,"454 g, $0.77/100g","Meals, Entrees & Sides",/p/21529092_EA
Grande Spicy Chicken Alfredo,$3.49 ,$3.49 ,"454 g, $0.77/100g","Meals, Entrees & Sides",/p/21530401_EA
"Bistro Crustini, Sausage, Egg and Cheese",$1.77 ,$3.99 ,"240 g, $0.74/100g","Meals, Entrees & Sides",/p/21432973_EA
Bacon & Egg Scramble with Cheddar Cheese Frozen Meal,$5.29 ,$5.29 ,"200 g, $2.65/100g","Meals, Entrees & Sides",/p/21174594_EA
Meat Lasagna,$7.99 ,$7.99 ,"1 kg, $0.80/100g","Meals, Entrees & Sides",/p/20636824_EA
Backyard Barbeque,$5.49 ,$5.49 ,"455 g, $1.21/100g","Meals, Entrees & Sides",20296014005_EA
Simply Chicken Broccoli Alfredo,$5.49 ,$5.49 ,"259 g, $2.12/100g","Meals, Entrees & Sides",/p/20974538_EA
Ready Veggie Patties Cauliflower,$5.49 ,$5.49 ,"400 g, $1.37/100g","Meals, Entrees & Sides",/p/21447347_EA
Rice Ball with Red Bean,$3.99 ,$3.99 ,"400 g, $1.00/100g","Meals, Entrees & Sides",/p/20997835_EA
Turkey,$4.29 ,$4.29 ,"338 g, $1.27/100g","Meals, Entrees & Sides",20077553003_EA
Shepherd's Pie,$9.98 ,$9.98 ,"900 g, $1.11/100g","Meals, Entrees & Sides",/p/20003749_EA
Restaurant Style Garlic & Rosemary Potato Wedges,$10.49 ,$10.49 ,"1.8 kg, $0.58/100g","Meals, Entrees & Sides",/p/20728378_EA
"Gourmet Steamers, Grilled Chicken Red Pepper Alfredo",$5.00 ,$5.00 ,"292 g, $1.71/100g","Meals, Entrees & Sides",20318616007_EA
Straight Cut French Fries,$6.29 ,$6.29 ,"1.5 kg, $0.42/100g","Meals, Entrees & Sides",/p/20799761_EA
Best Shepherd's Pie,$12.49 ,$12.49 ,"907 g, $1.38/100g","Meals, Entrees & Sides",20297658005_EA
Margherita Pizza,$7.99 ,$7.99 ,"420 g, $1.90/100g",Frozen Pizza,/p/21531415_EA
Diavola Pizza,$7.99 ,$7.99 ,"420 g, $1.90/100g",Frozen Pizza,/p/21531410_EA
"Chicken, Bacon and Caramelized Onion Flatbread",$4.99 ,$4.99 ,"340 g, $1.47/100g",Frozen Pizza,/p/21013452_EA
Pepperoni Thin and Crispy Pizza,$4.99 ,$4.99 ,"343 g, $1.45/100g",Frozen Pizza,/p/20971494_EA
 Funghi Pizza,$7.99 ,$7.99 ,"370 g, $2.16/100g",Frozen Pizza,/p/21531412_EA
Cherry Tomato and Arugula Flatbread,$4.99 ,$4.99 ,"350 g, $1.43/100g",Frozen Pizza,/p/21013450_EA
Giuseppe Pizzeria Rising Crust Pepperoni Pizza,$7.49 ,$7.49 ,"720 g, $1.04/100g",Frozen Pizza,/p/21106361_EA
Sweet With Heat™ Pepperoni Flatbread,$4.99 ,$4.99 ,"338 g, $1.48/100g",Frozen Pizza,/p/21305188_EA
Loads Of Pepperoni Thin Crust Pizza,$4.99 ,$4.99 ,"400 g, $1.25/100g",Frozen Pizza,/p/21102727_EA
Ristorante Thin Crust Pepperoni Pizza,$6.99 ,$6.99 ,"320 g, $2.18/100g",Frozen Pizza,/p/20852957_EA
Hawaiian Thin and Crispy Pizza,$4.99 ,$4.99 ,"380 g, $1.31/100g",Frozen Pizza,/p/21102725_EA
Ristorante Thin Crust Spinaci (Spinach) Pizza,$6.99 ,$6.99 ,"390 g, $1.79/100g",Frozen Pizza,20296100001_EA
Spinach Thin and Crispy Pizza,$4.99 ,$4.99 ,"397 g, $1.26/100g",Frozen Pizza,/p/20971479_EA
Rising Crust Pepperoni Pizza,$8.29 ,$8.29 ,"788 g, $1.05/100g",Frozen Pizza,/p/20751140_EA
Sweet Chili Barbecue Chicken Thin and Crispy Pizza,$4.99 ,$4.99 ,"369 g, $1.35/100g",Frozen Pizza,/p/21380688_EA
Six-Cheese Thin and Crispy Pizza,$4.99 ,$4.99 ,"350 g, $1.43/100g",Frozen Pizza,/p/20971511_EA
Loads Of Cheese Thin Crust Pizza,$4.99 ,$4.99 ,"405 g, $1.23/100g",Frozen Pizza,/p/21102729_EA
Bacon and Onion Focaccia,$4.99 ,$4.99 ,"455 g, $1.10/100g",Frozen Pizza,/p/21471809_EA
Casa di Mama Pepperoni Pizza,$6.99 ,$6.99 ,"395 g, $1.77/100g",Frozen Pizza,20296424006_EA
Casa di Mama Hawaiian Pizza,$6.99 ,$6.99 ,"400 g, $1.75/100g",Frozen Pizza,20296424004_EA
"Flatbread, Squash, Kale & Beet",$4.99 ,$4.99 ,"343 g, $1.45/100g",Frozen Pizza,/p/21103674_EA
Casa di Mama Three Meat Pizza,$6.99 ,$6.99 ,"395 g, $1.77/100g",Frozen Pizza,20296424003_EA
Giuseppe Pizzeria Rising Crust 4 Meat Pizza,$7.49 ,$7.49 ,"740 g, $1.01/100g",Frozen Pizza,/p/21106375_EA
"Loads Of Bacon, Pepperoni and Ham Thin Crust Pizza",$4.99 ,$4.99 ,"400 g, $1.25/100g",Frozen Pizza,/p/21102731_EA
Chicken Arrabbiata Flatbread,$4.99 ,$4.99 ,"344 g, $1.45/100g",Frozen Pizza,/p/21102735_EA
Giuseppe Pizzeria Pizza Pepperoni,$6.79 ,$6.79 ,"3x186.0 g, $0.39/100g",Frozen Pizza,/p/21359564_EA
Ristorante Thin Crust Quattro Formaggi (4 Cheese) Pizza,$6.99 ,$6.99 ,"340 g, $2.06/100g",Frozen Pizza,20296100004_EA
Giuseppe Pizzeria Pizza 3 Cheese,$6.79 ,$6.79 ,"3x560.0 g, $0.40/100g",Frozen Pizza,/p/21362407_EA
Pizza Pops 3 Cheese Flavour 8ct,$8.99 ,$8.99 ,"760 g, $1.18/100g",Frozen Pizza,/p/21435938_EA
"Giuseppe Pizza, 4 Cheese",$7.49 ,$7.49 ,"660 g, $1.13/100g",Frozen Pizza,/p/21106373_EA
Creamy Mushroom Flatbread,$4.99 ,$4.99 ,"330 g, $1.51/100g",Frozen Pizza,/p/21305085_EA
Basil and Spinach Pesto Focaccia,$4.99 ,$4.99 ,"415 g, $1.20/100g",Frozen Pizza,/p/21471855_EA
Giuseppe Pizzeria Thin Crust Pepperoni Pizza,$7.49 ,$7.49 ,"480 g, $1.56/100g",Frozen Pizza,/p/20904584_EA
"Pepperoni, Mushroom and Ham Thin and Crispy Pizza",$4.99 ,$4.99 ,"1 ea, $4.99/1ea",Frozen Pizza,/p/20971491_EA
Rising Crust 3 Meat Pizza,$8.29 ,$8.29 ,"834 g, $0.99/100g",Frozen Pizza,/p/20750951_EA
Pepperoni Pizzas,$12.49 ,$12.49 ,"1660 g, $0.75/100g",Frozen Pizza,/p/21030561_EA
Potato and Bacon Flatbread,$4.99 ,$4.99 ,"395 g, $1.26/100g",Frozen Pizza,/p/21013867_EA
Rising Crust Deluxe Pizza,$8.29 ,$8.29 ,"888 g, $0.93/100g",Frozen Pizza,/p/20754739_EA
Giuseppe Pizzeria Rising Crust Deluxe Pizza,$7.49 ,$7.49 ,"785 g, $0.95/100g",Frozen Pizza,/p/21106360_EA
Ristorante Thin Crust Speciale Pizza,$6.99 ,$6.99 ,"330 g, $2.12/100g",Frozen Pizza,20296100005_EA
Ristorante Thin Crust Pepperoni Pesto Pizza,$6.99 ,$6.99 ,"360 g, $1.94/100g",Frozen Pizza,20296100008_EA
Casa di Mama Deluxe Pizza,$6.99 ,$6.99 ,"410 g, $1.70/100g",Frozen Pizza,20296424001_EA
Pizza Pops Pepperoni and Bacon 8ct,$8.99 ,$8.99 ,"760 g, $1.18/100g",Frozen Pizza,/p/21435931_EA
"Mini Pizza Bagel Bites, Pepperoni",$3.99 ,$3.99 ,"198 g, $2.02/100g",Frozen Pizza,/p/21541408_EA
Pizza Pops 3 Cheese Flavour 4 ct,$4.49 ,$4.49 ,"380 g, $1.18/100g",Frozen Pizza,/p/21435996_EA
Ristorante Thin Crust Pollo (Chicken) Pizza,$6.99 ,$6.99 ,"355 g, $1.97/100g",Frozen Pizza,20296100007_EA
Dairy Free Supreme Gluten Free Pizza,$10.49 ,$10.49 ,"550 g, $1.91/100g",Frozen Pizza,/p/20923827_EA
"Mini Pizza Bagel Bites, Three Cheese",$3.99 ,$3.99 ,"198 g, $2.02/100g",Frozen Pizza,/p/21541407_EA
Ristorante Pizza Margherita Pomodori,$9.99 ,$9.99 ,"340 g, $2.94/100g",Frozen Pizza,/p/21401300_EA
Giuseppe Pizzeria Pizza Pepperoni & Bacon,$6.79 ,$6.79 ,"3x600.0 g, $0.38/100g",Frozen Pizza,/p/21359557_EA
Meat Lovers Pizza Pockets,$8.79 ,$8.79 ,"600 g, $1.47/100g",Frozen Pizza,/p/21195921_EA
Giuseppe Pizzeria Rising Crust Hawaiian Pizza ,$7.49 ,$7.49 ,"730 g, $1.03/100g",Frozen Pizza,/p/21106359_EA
Giuseppe Thin Crust Canadian Pizza,$7.49 ,$7.49 ,"501 g, $1.50/100g",Frozen Pizza,/p/20904520_EA
Ristorante Thin Crust Mushroom Funghi Pizza,$6.99 ,$6.99 ,"365 g, $1.92/100g",Frozen Pizza,20303635001_EA
Giuseppe Thin Crust Hawaiian Pizza,$7.49 ,$7.49 ,"535 g, $1.40/100g",Frozen Pizza,/p/21164025_EA
Pizza Pops 3 Meat 4ct,$4.49 ,$4.49 ,"380 g, $1.18/100g",Frozen Pizza,/p/21436077_EA
Organic Four Vegetable Pizza,$9.49 ,$9.49 ,"400 g, $2.37/100g",Frozen Pizza,/p/21092254_EA
Giuseppe Pizzeria Thin Crust Deluxe Pizza,$7.49 ,$7.49 ,"515 g, $1.45/100g",Frozen Pizza,/p/20904583_EA
The Good Baker Veggie Mix Pizza,$7.49 ,$7.49 ,"390 g, $1.92/100g",Frozen Pizza,/p/21431057_EA
Pizza Bites Pepperoni,$8.29 ,$8.29 ,"693 g, $1.20/100g",Frozen Pizza,/p/20972958_EA
Giuseppe Thin Crust Five Cheese Pizza,$7.49 ,$7.49 ,"439 g, $1.71/100g",Frozen Pizza,/p/21043181_EA
Giuseppe Pizzeria Rising Crust Canadian Pizza,$7.49 ,$7.49 ,"740 g, $1.01/100g",Frozen Pizza,/p/21106356_EA
Veggitaly,$10.49 ,$10.49 ,"435 g, $2.41/100g",Frozen Pizza,/p/21043393_EA
Momenti 3 Cheese Pizza,$4.79 ,$4.79 ,"160 g, $2.99/100g",Frozen Pizza,/p/21359542_EA
Pizza Bites Pizza Snacks Pepperoni,$10.99 ,$10.99 ,"1.26 kg, $0.87/100g",Frozen Pizza,/p/21086232_EA
Giuseppe Garlic Fingers ,$4.79 ,$4.79 ,"317 g, $1.51/100g",Frozen Pizza,/p/21164021_EA
Pizza Pops Pepperoni and Bacon 4ct,$4.49 ,$4.49 ,"380 g, $1.18/100g",Frozen Pizza,/p/21436023_EA
Ristorante Thin Crust Pizza Cavolo,$6.99 ,$6.99 ,"355 g, $1.97/100g",Frozen Pizza,/p/21163790_EA
Giuseppe Pizzeria Pizza,$6.79 ,$6.79 ,"576 g, $1.18/100g",Frozen Pizza,/p/21521437_EA
Pizza Pops Pepperoni 8ct,$8.99 ,$8.99 ,"760 g, $1.18/100g",Frozen Pizza,/p/21435910_EA
Pizza Pops Deluxe 8ct,$8.99 ,$8.99 ,"760 g, $1.18/100g",Frozen Pizza,/p/21435893_EA
Momenti Pepperoni Pizza,$4.79 ,$4.79 ,"170 g, $2.82/100g",Frozen Pizza,/p/21236985_EA
Ristorante Gluten Free Mozzarella Pizza,$9.99 ,$9.99 ,"370 g, $2.70/100g",Frozen Pizza,/p/21164444_EA
Pizza Crust Cauliflower,$11.49 ,$11.49 ,"340 g, $3.38/100g",Frozen Pizza,/p/21104415_EA
Organic Margherita Pizza,$9.49 ,$9.49 ,"341 g, $2.78/100g",Frozen Pizza,/p/21092293_EA
Pizza Bites Cheese,$8.29 ,$8.29 ,"693 g, $1.20/100g",Frozen Pizza,/p/20973245_EA
Vegan Pizza Beyond Meat  Sausage,$9.99 ,$9.99 ,"390 g, $2.56/100g",Frozen Pizza,/p/21244233_EA
Margherita,$10.49 ,$10.49 ,"452 g, $2.32/100g",Frozen Pizza,/p/21044341_EA
Pizza Pops Pepperoni 4ct,$4.49 ,$4.49 ,"380 g, $1.18/100g",Frozen Pizza,/p/21436071_EA
Pizza Pops Deluxe 4ct,$4.49 ,$4.49 ,"380 g, $1.18/100g",Frozen Pizza,/p/21436027_EA
Pizza Margherita,$11.49 ,$11.49 ,"330 g, $3.48/100g",Frozen Pizza,/p/21104377_EA
The Good Baker Spinach & Pumpkin Seed,$7.49 ,$7.49 ,"350 g, $2.14/100g",Frozen Pizza,/p/21431225_EA
Quattro Formaggi,$10.49 ,$10.49 ,"450 g, $2.33/100g",Frozen Pizza,/p/21044357_EA
The Good Baker Margherita Pizza,$7.49 ,$7.49 ,"300 g, $2.50/100g",Frozen Pizza,/p/21431220_EA
Momenti Tomato & Mozzarella Pizza,$4.79 ,$4.79 ,"185 g, $2.59/100g",Frozen Pizza,/p/21236984_EA
Pizza Pops 3 Meat 8ct,$8.99 ,$8.99 ,"760 g, $1.18/100g",Frozen Pizza,/p/21433358_EA
Vegan Pizza Beyond Meat Beef,$9.99 ,$9.99 ,"390 g, $2.56/100g",Frozen Pizza,/p/21242820_EA
Ristorante Gluten Free Pepperoni Pizza,$9.99 ,$9.99 ,"315 g, $3.17/100g",Frozen Pizza,/p/21164446_EA
Pizza Pops Beef & Cheese Taco 4ct,$4.49 ,$4.49 ,"380 g, $1.18/100g",Frozen Pizza,/p/21435986_EA
Organic Four Cheese Pizza,$9.49 ,$9.49 ,"346 g, $2.74/100g",Frozen Pizza,/p/21092250_EA
Pepperoni Pizza Pockets,$4.99 ,$4.99 ,"300 g, $1.66/100g",Frozen Pizza,/p/21026061_EA
Ristorante Thin Crust Mozzarella Pizza,$6.99 ,$6.99 ,"325 g, $2.15/100g",Frozen Pizza,20296100002_EA
Giuseppe Pizzeria Thin Crust Spinach Pizza,$7.49 ,$7.49 ,"540 g, $1.39/100g",Frozen Pizza,/p/21236924_EA
Ristorante Thin Crust Margarita Pizza,$6.99 ,$6.99 ,"330 g, $2.12/100g",Frozen Pizza,/p/21014640_EA
Deluxe Pizza Pockets ,$4.99 ,$4.99 ,"300 g, $1.66/100g",Frozen Pizza,/p/21085519_EA
"Pepperoni & Bacon Pizza Busters, Club Size",$17.79 ,$17.79 ,"2.8 kg, $0.64/100g",Frozen Pizza,20324314001_EA
Ristorante Thin Crust Vegetable Pizza,$6.99 ,$6.99 ,"385 g, $1.82/100g",Frozen Pizza,20296100003_EA
Plant Based Cheeze Lover’s Pizza,$10.49 ,$10.49 ,"444 g, $2.36/100g",Frozen Pizza,/p/20821542_EA
Gluten Free Four Cheese Pizza,$9.49 ,$9.49 ,"340 g, $2.79/100g",Frozen Pizza,/p/21092257_EA
Casa Di Mama 4 Cheese Pizza,$6.99 ,$6.99 ,"410 g, $1.70/100g",Frozen Pizza,/p/21431253_EA
Three Cheese Pizza Pockets,$8.79 ,$8.79 ,"600 g, $1.47/100g",Frozen Pizza,/p/21047836_EA
Rising Crust Canadian Pizza,$8.29 ,$8.29 ,"860 g, $0.96/100g",Frozen Pizza,/p/20750965_EA
Giuseppe Thin Crust Four Meat Pizza,$7.49 ,$7.49 ,"494 g, $1.52/100g",Frozen Pizza,/p/21043180_EA
Pepperoni Pizza Pockets,$8.79 ,$8.79 ,"600 g, $1.47/100g",Frozen Pizza,/p/21047833_EA
Meat Lovers Pizza Pockets,$4.99 ,$4.99 ,"300 g, $1.66/100g",Frozen Pizza,/p/21196012_EA
"Deluxe Pizza Busters With Pepperoni, Green Peppers & Mushrooms, Club Size",$17.79 ,$17.79 ,"2.8 kg, $0.64/100g",Frozen Pizza,20324314002_EA
Casa di Mama Bacon Pizza,$6.99 ,$6.99 ,"405 g, $1.73/100g",Frozen Pizza,/p/20852960_EA
Dairy Free Fire Roasted Vegetable Pizza,$10.49 ,$10.49 ,"492 g, $2.13/100g",Frozen Pizza,/p/20826419_EA
Giuseppe Pizzeria Thin Crust Beef Taco Pizza,$7.49 ,$7.49 ,"510 g, $1.47/100g",Frozen Pizza,/p/21237009_EA
Deluxe Pizza Pockets ,$8.79 ,$8.79 ,"600 g, $1.47/100g",Frozen Pizza,/p/21085521_EA
Three Cheese Pizza Pockets,$4.99 ,$4.99 ,"300 g, $1.66/100g",Frozen Pizza,/p/21026064_EA
Cheese Pizzas,$12.49 ,$12.49 ,"1740 g, $0.72/100g",Frozen Pizza,/p/21030593_EA
$10 Pepperoni Pizza Bites,$10.00 ,$10.00 ,"1420 g, $0.70/100g",Appetizers & Snacks,/p/21165967_EA
"Crustini, Philly-Style Steak & Cheese",$1.77 ,$3.99 ,"256 g, $0.69/100g",Appetizers & Snacks,20322350005_EA
"Crustini, Meatballs & Mozzarella",$1.77 ,$3.99 ,"256 g, $0.69/100g",Appetizers & Snacks,20322350007_EA
"Crustini, Turkey Bacon Club",$1.77 ,$3.99 ,"255 g, $0.69/100g",Appetizers & Snacks,20322350001_EA
Regular,$19.49 ,$19.49 ,"1.5 kg, $1.30/100g",Appetizers & Snacks,20065224002_EA
Bistro Crustini Steak and Cheddar Cheese Pastry Snack,$1.77 ,$3.99 ,"226 g, $0.78/100g",Appetizers & Snacks,/p/21361965_EA
Vegetable Spring Rolls,$12.99 ,$12.99 ,"574 g, $2.26/100g",Appetizers & Snacks,/p/20698096_EA
Original 10'S     ,$9.99 ,$9.99 ,"750 g, $1.33/100g",Appetizers & Snacks,20053302001_EA
Mozzarella Cheese Sticks,$10.99 ,$10.99 ,"454 g, $2.42/100g",Appetizers & Snacks,/p/21116020_EA
Uncrustables Peanut Butter & Strawberry Spread Sandwich,$5.99 ,$5.99 ,"4x58.0 g, $10.33/100g",Appetizers & Snacks,p/21543057_C04
World of Flavours Pad Thai Spring Rolls,$12.99 ,$12.99 ,"574 g, $2.26/100g",Appetizers & Snacks,/p/20698091_EA
Pork & Veg Pot Stickers,$10.00 ,$10.00 ,"1250 g, $0.80/100g",Appetizers & Snacks,/p/21023452_EA
Chicken Spring Rolls,$12.99 ,$12.99 ,"574 g, $2.26/100g",Appetizers & Snacks,/p/20698133_EA
Frozen Samosa,$3.99 ,$3.99 ,"400 g, $1.00/100g",Appetizers & Snacks,/p/21054846_EA
Veg Spring Roll,$3.99 ,$3.99 ,"400 g, $1.00/100g",Appetizers & Snacks,/p/21054779_EA
Uncrustables Chocolate Flavoured Hazelnut Spread Sandwich,$5.99 ,$5.99 ,"4x52.0 g, $11.52/100g",Appetizers & Snacks,p/21543055_C04
"Breaded Dill Pickle Spears, Uncooked",$10.00 ,$10.00 ,"1 kg, $1.00/100g",Appetizers & Snacks,/p/21523060_EA
"Jamaican Beef Patties, Mild",$9.99 ,$9.99 ,"1.17 kg, $0.85/100g",Appetizers & Snacks,20313668002_EA
Pepperoni Pizza Pockets,$15.49 ,$15.49 ,"1.2 kg, $1.29/100g",Appetizers & Snacks,/p/21391399_EA
 Butter Buffalo Cauliflower Bites,$7.49 ,$7.49 ,"454 g, $1.65/100g",Appetizers & Snacks,/p/21202113_EA
Spanakopita,$7.99 ,$7.99 ,"264 g, $3.03/100g",Appetizers & Snacks,/p/20065214_EA
"Jamaican Beef Patties, Spicy Hot",$9.99 ,$9.99 ,"1.17 kg, $0.85/100g",Appetizers & Snacks,20313668001_EA
All Beef,$9.99 ,$9.99 ,"600 g, $1.67/100g",Appetizers & Snacks,20053302002_EA
Bacon-Wrapped Stuffed Jalapeño Peppers,$9.99 ,$9.99 ,"225 g, $4.44/100g",Appetizers & Snacks,/p/21048989_EA
Mini Vegetable Samosas,$6.99 ,$6.99 ,"345 g, $2.03/100g",Appetizers & Snacks,/p/20581030_EA
Chicken & Vegetable Potstickers,$10.00 ,$10.00 ,"1250 g, $0.80/100g",Appetizers & Snacks,/p/21093255_EA
Pizza Pops Pepperoni & Bacon 30ct,$24.49 ,$24.49 ,"2.85 kg, $0.86/100g",Appetizers & Snacks,/p/21435878_EA
Mini Sausage Rolls,$9.99 ,$9.99 ,"500 g, $2.00/100g",Appetizers & Snacks,/p/21439588_EA
Uncrustables Peanut Butter & Strawberry Spread Sandwich,$12.99 ,$12.99 ,"10x58.0 g, $22.40/100g",Appetizers & Snacks,p/21543056_C10
Tortilla and Jalapeno Cheese Sticks,$10.99 ,$10.99 ,"345 g, $3.19/100g",Appetizers & Snacks,/p/21474563_EA
Filipino Chicken Adobo Lumpia Spring Rolls with Vegetables and Chicken,$10.99 ,$10.99 ,"560 g, $1.96/100g",Appetizers & Snacks,/p/21521355_EA
Filo Rollini With Spinach And Mizithra And Feta Cheeses,$8.79 ,$8.79 ,"1 kg, $0.88/100g",Appetizers & Snacks,/p/20987495_EA
Asian Hors d'Oeuvre Collection,$10.99 ,$10.99 ,"772 g, $1.42/100g",Appetizers & Snacks,/p/21398002_EA
Pizza Pops 3 Cheese Flavour 30ct,$24.49 ,$24.49 ,"2.85 kg, $0.86/100g",Appetizers & Snacks,/p/21435897_EA
Mini Ham and Cheese Cubano Bites,$7.99 ,$7.99 ,"360 g, $2.22/100g",Appetizers & Snacks,/p/21389642_EA
Taco Bites,$10.00 ,$10.00 ,"850 g, $1.18/100g",Appetizers & Snacks,/p/21476744_EA
French Quiche Bistro-Style Selection,$7.99 ,$7.99 ,"360 g, $2.22/100g",Appetizers & Snacks,/p/20503378_EA
Barbecue Chicken Steamed Buns,$8.99 ,$8.99 ,"336 g, $2.68/100g",Appetizers & Snacks,/p/21314839_EA
Pizza Pops Pepperoni 30ct,$24.49 ,$24.49 ,"2.85 kg, $0.86/100g",Appetizers & Snacks,/p/21435821_EA
Halloom Cheese Sticks in Za’atar-Herbed Batter,$12.99 ,$12.99 ,"300 g, $4.33/100g",Appetizers & Snacks,/p/21393377_EA
Pizza Pockets Three Cheese,$15.49 ,$15.49 ,"1.2 kg, $1.29/100g",Appetizers & Snacks,/p/21391435_EA
Cornbread Hot Dogs,$14.49 ,$14.49 ,"1.5 kg, $0.97/100g",Appetizers & Snacks,/p/20078092_EA
Aloo Tikki,$6.49 ,$6.49 ,"420 g, $1.55/100g",Appetizers & Snacks,/p/20710636_EA
Beef Patties Mild 9 Patties,$11.99 ,$11.99 ,"1.17 kg, $1.02/100g",Appetizers & Snacks,/p/21162954_EA
"Pizzs Pops, Deluxe Flavoured, 30 Pizza Snacks",$24.49 ,$24.49 ,"2.85 kg, $0.86/100g",Appetizers & Snacks,/p/21520172_EA
Mini Original Corn Dogs,$19.49 ,$19.49 ,"960 g, $2.03/100g",Appetizers & Snacks,20065224001_EA
Punjabi Samosa,$6.49 ,$6.49 ,"460 g, $1.41/100g",Appetizers & Snacks,/p/20710715_EA
Mini Chicken Empanadas,$9.99 ,$9.99 ,"480 g, $2.08/100g",Appetizers & Snacks,/p/21049613_EA
Chicken Samosa,$8.49 ,$8.49 ,"320 g, $2.65/100g",Appetizers & Snacks,/p/21027721_EA
Fully Cooked Chicken Chimichangas,$9.79 ,$9.79 ,"360 g, $2.72/100g",Appetizers & Snacks,/p/21503786_EA
Fully Cooked Beef Tacos,$9.79 ,$9.79 ,"320 g, $3.06/100g",Appetizers & Snacks,/p/21503788_EA
"Filo Twist, Spinach, Family Size",$8.79 ,$8.79 ,"1 kg, $0.88/100g",Appetizers & Snacks,/p/20987472_EA
Filo Rollini With Mizithra And Feta Cheeses,$8.79 ,$8.79 ,"1 kg, $0.88/100g",Appetizers & Snacks,20429901001_EA
Fully Cooked Eggs Burritos,$9.79 ,$9.79 ,"360 g, $2.72/100g",Appetizers & Snacks,/p/21503859_EA
Samosa Punjabi,$3.69 ,$3.69 ,"460 g, $0.80/100g",Appetizers & Snacks,/p/21309074_EA
Fully Cooked Chicken Quesadillas,$9.79 ,$9.79 ,"320 g, $3.06/100g",Appetizers & Snacks,/p/21503791_EA
Samosas Vegetable,$10.00 ,$10.00 ,"1.2 kg, $0.83/100g",Appetizers & Snacks,/p/21483794_EA
"Veggie Bites with Cheese – Potato, Broccoli & Cauliflower ",$8.99 ,$8.99 ,"400 g, $2.25/100g",Appetizers & Snacks,/p/21105697_EA
Vegetable Cutlets,$12.49 ,$12.49 ,"640 g, $1.95/100g",Appetizers & Snacks,/p/20880688_EA
"Filo Twist, Feta Cheese, Family Size",$8.79 ,$8.79 ,"1 kg, $0.88/100g",Appetizers & Snacks,/p/20987499_EA
Plant Based Mozzarella-Style Sticks ,$10.99 ,$10.99 ,"454 g, $2.42/100g",Appetizers & Snacks,/p/21311537_EA
Vegetable & Beef Cantonese - Style Egg Rolls,$11.99 ,$11.99 ,"22 pieces, $0.96/100g",Appetizers & Snacks,/p/20503449_EA
Smoky Bacon Sausage,$9.99 ,$9.99 ,"544 g, $1.84/100g",Appetizers & Snacks,/p/21193994_EA
Mini Arancini Italian Rice Balls,$8.99 ,$8.99 ,"450 g, $2.00/100g",Appetizers & Snacks,/p/21480203_EA
Indian Hors D'oeuvre Collection,$8.99 ,$8.99 ,"800 g, $1.12/100g",Appetizers & Snacks,/p/21333460_EA
Mexican-Style Street Corn Fritters,$8.99 ,$8.99 ,"384 g, $2.34/100g",Appetizers & Snacks,/p/21369924_EA
Plant Based Mini Sausageless Rolls,$7.99 ,$7.99 ,"600 g, $1.33/100g",Appetizers & Snacks,/p/21387793_EA
Beef Samosa,$8.49 ,$8.49 ,"320 g, $2.65/100g",Appetizers & Snacks,/p/21027719_EA
Tandoori Paneer Poppers,$8.99 ,$8.99 ,"454 g, $1.98/100g",Appetizers & Snacks,/p/20099726_EA
Mini Jamaican Beef Patties,$9.99 ,$9.99 ,"480 g, $2.08/100g",Appetizers & Snacks,/p/20901459_EA
Cocktail Samosa,$6.49 ,$6.49 ,"460 g, $1.41/100g",Appetizers & Snacks,/p/20710712_EA
Potato Patties Aloo Tikki,$7.99 ,$7.99 ,"720 g, $1.11/100g",Appetizers & Snacks,/p/20167345_EA
Beef & Cheese Loaded Nacho Bites ,$9.99 ,$9.99 ,"400 g, $2.50/100g",Appetizers & Snacks,/p/21312041_EA
Fully Cooked Al Pastor Pork Tacos,$9.79 ,$9.79 ,"320 g, $3.06/100g",Appetizers & Snacks,/p/21504148_EA
Vegetable Cantonese- Style Egg Rolls,$11.99 ,$11.99 ,"1.25 kg, $0.96/100g",Appetizers & Snacks,/p/20503452_EA
Ascolana Fried Olives Stuffed with Cheese,$8.99 ,$8.99 ,"450 g, $2.00/100g",Appetizers & Snacks,/p/21480200_EA
"Eggo Original Waffles, 8 waffles",$4.49 ,$4.49 ,"280 g, $1.60/100g",Bakery & Breakfast ,/p/20302779_EA
Diced Hashbrowns,$3.49 ,$3.49 ,"800 g, $0.44/100g",Bakery & Breakfast ,/p/21525020_EA
Eggo Waffles Blueberry Flavour,$4.49 ,$4.49 ,"280 g, $1.60/100g",Bakery & Breakfast ,20323436001_EA
Original Waffles ,$3.29 ,$3.29 ,"280 g, $1.18/100g",Bakery & Breakfast ,20316375001_EA
"Eggo Waffles, Chocolatey Chip",$4.49 ,$4.49 ,"280 g, $1.60/100g",Bakery & Breakfast ,20323436002_EA
"Eggo Original Waffles, 16 waffles",$7.99 ,$7.99 ,"560 g, $1.43/100g",Bakery & Breakfast ,20099730004_EA
Blueberry Waffles,$3.29 ,$3.29 ,"280 g, $1.18/100g",Bakery & Breakfast ,20316375002_EA
Original Waffles ,$4.99 ,$4.99 ,"560 g, $0.89/100g",Bakery & Breakfast ,20180368001_EA
"Eggo Cinnamon Toast Waffles, 8 waffles",$4.49 ,$4.49 ,"280 g, $1.60/100g",Bakery & Breakfast ,20323436005_EA
Eggo Waffles Blueberry Flavour,$7.99 ,$7.99 ,"560 g, $1.43/100g",Bakery & Breakfast ,20099730001_EA
Chocolate Chips Waffles,$3.29 ,$3.29 ,"280 g, $1.18/100g",Bakery & Breakfast ,20316375005_EA
"Toaster Strudel, Strawberry",$4.29 ,$4.29 ,"326 g, $1.32/100g",Bakery & Breakfast ,20172664001_EA
French Toaster Sticks Cinnamon,$4.49 ,$4.49 ,"270 g, $1.66/100g",Bakery & Breakfast ,/p/21395915_EA
Eggo Waffles Chocolatey Chip,$7.99 ,$7.99 ,"560 g, $1.43/100g",Bakery & Breakfast ,20099730002_EA
Buttermilk Waffles,$3.29 ,$3.29 ,"280 g, $1.18/100g",Bakery & Breakfast ,20316375003_EA
Potato Pancakes,$4.99 ,$4.99 ,"600 g, $0.83/100g",Bakery & Breakfast ,20325644004_EA
Thick & Fluffy Waffles Original,$4.69 ,$4.69 ,"330 g, $1.42/100g",Bakery & Breakfast ,/p/21511747_EA
Buttermilk Pancakes,$3.29 ,$3.29 ,"310 g, $1.06/100g",Bakery & Breakfast ,/p/20065295_EA
Original Waffles,$12.00 ,$12.00 ,"1680 g, $0.71/100g",Bakery & Breakfast ,20322093001_EA
Gluten Free Homestyle Waffles,$3.49 ,$3.49 ,"320 g, $1.09/100g",Bakery & Breakfast ,/p/21419163_EA
Toaster Strudel Wildberry Flavour,$4.29 ,$4.29 ,"326 g, $1.32/100g",Bakery & Breakfast ,20172664004_EA
Eggo Waffles Buttermilk,$4.49 ,$4.49 ,"280 g, $1.60/100g",Bakery & Breakfast ,20323436004_EA
Buttermilk Pancakes,$6.49 ,$6.49 ,"936 g, $0.69/100g",Bakery & Breakfast ,/p/21107242_EA
"Italian Tipo ""OO"" Flour Pizza Dough",$2.99 ,$2.99 ,"560 g, $0.53/100g",Bakery & Breakfast ,/p/21412185_EA
Bistro Selects™ Sweet Potato Frites,$4.99 ,$4.99 ,"454 g, $1.10/100g",Bakery & Breakfast ,/p/21396012_EA
Frozen White Demi Baguette,$5.89 ,$5.89 ,"400 g, $1.47/100g",Bakery & Breakfast ,/p/20659132_EA
Homefries,$4.99 ,$4.99 ,"650 g, $0.77/100g",Bakery & Breakfast ,/p/20799091_EA
Blueberry Waffles,$4.99 ,$4.99 ,"560 g, $0.89/100g",Bakery & Breakfast ,20180368002_EA
"Gluten-free Waffles, Blueberry",$3.49 ,$3.49 ,"320 g, $1.09/100g",Bakery & Breakfast ,/p/21419170_EA
All-Day Breakfast Mini Quick Cook Patties,$4.29 ,$4.29 ,"625 g, $0.69/100g",Bakery & Breakfast ,/p/21479273_EA
Original Belgian Waffles,$5.99 ,$5.99 ,"390 g, $1.54/100g",Bakery & Breakfast ,/p/20604613_EA
Ready Bake Garlic Bread,$2.59 ,$2.59 ,"284 g, $0.91/100g",Bakery & Breakfast ,/p/20585460_EA
"Toaster Strudel, Apple    ",$4.29 ,$4.29 ,"326 g, $1.32/100g",Bakery & Breakfast ,20172664002_EA
9 Minute No Flip Potato Patties,$4.99 ,$4.99 ,"600 g, $0.83/100g",Bakery & Breakfast ,/p/21285878_EA
Delicious Gluten Free Loaf White Wide Slice,$8.99 ,$8.99 ,"567 g, $1.59/100g",Bakery & Breakfast ,/p/21100057_EA
"Toaster Strudel, Strawberry and Cream Cheese Spread",$4.29 ,$4.29 ,"326 g, $1.32/100g",Bakery & Breakfast ,/p/20974313_EA
Bread Whole Grain Gluten Free,$8.99 ,$8.99 ,"567 g, $1.59/100g",Bakery & Breakfast ,/p/21100055_EA
French Toaster Sticks Original,$4.49 ,$4.49 ,"270 g, $1.66/100g",Bakery & Breakfast ,/p/21395885_EA
Bagels Thins Everything,$6.49 ,$6.49 ,"300 g, $2.16/100g",Bakery & Breakfast ,/p/21106820_EA
Thick & Fluffy Waffles Cinnamon Brown Sugar,$4.69 ,$4.69 ,"330 g, $1.42/100g",Bakery & Breakfast ,/p/21509951_EA
Frozen Garlic Demi Baguette,$5.89 ,$5.89 ,"265 g, $2.22/100g",Bakery & Breakfast ,/p/20659468_EA
Thins Sesame Bagels,$6.49 ,$6.49 ,"300 g, $2.16/100g",Bakery & Breakfast ,/p/21106818_EA
Organic Multigrain Sprouted Bread,$5.29 ,$5.49 ,"680 g, $0.78/100g",Bakery & Breakfast ,/p/21047070_EA
Eggo Waffles Buttermilk,$7.99 ,$7.99 ,"560 g, $1.43/100g",Bakery & Breakfast ,20099730003_EA
"Flax Bagel Thins, Sprouted Whole Grain",$6.49 ,$6.49 ,"300 g, $2.16/100g",Bakery & Breakfast ,20733309002_EA
Frozen Garlic Butter Pull Apart,$5.89 ,$5.89 ,"325 g, $1.81/100g",Bakery & Breakfast ,/p/21082295_EA
Toaster Scrambles Sausage,$4.29 ,$4.29 ,"204 g, $2.10/100g",Bakery & Breakfast ,/p/21474507_EA
Seeds & Grains Bread,$8.49 ,$8.49 ,"482 g, $1.76/100g",Bakery & Breakfast ,/p/20935056_EA
Thick & Fluffy Waffles Strawberry Delight,$4.69 ,$4.69 ,"330 g, $1.42/100g",Bakery & Breakfast ,/p/21509956_EA
9 Minute No Flip Savoury Herb Potato Patties,$4.99 ,$4.99 ,"600 g, $0.83/100g",Bakery & Breakfast ,/p/21455623_EA
Mediterranean Egg White Egg Cups,$3.29 ,$3.29 ,"140 g, $2.35/100g",Bakery & Breakfast ,/p/21413897_EA
Eggo Waffles Mickey Mouse,$4.49 ,$4.49 ,"280 g, $1.60/100g",Bakery & Breakfast ,/p/21095302_EA
Pizza Crusts Butternut Squash Neapolitan Style Crust,$10.49 ,$10.49 ,"250 g, $4.20/100g",Bakery & Breakfast ,/p/21378804_EA
Sprouted Power Bagels Everything Organic 5 Bagels,$5.29 ,$6.69 ,"400 g, $1.32/100g",Bakery & Breakfast ,/p/21100349_EA
"Breakfast Bowl 5 Minutes Potato, Egg & Sausage",$6.79 ,$6.79 ,"200 g, $3.40/100g",Bakery & Breakfast ,/p/21525637_EA
O'dippers Garlic & Chive,$6.49 ,$6.49 ,"210 g, $3.09/100g",Bakery & Breakfast ,/p/21550974_EA
Sliced Loaf White Bean & Millet Seed,$7.99 ,$7.99 ,"500 g, $1.60/100g",Bakery & Breakfast ,/p/21529684_EA
English Muffins Traditional,$6.99 ,$6.99 ,"354 g, $1.97/100g",Bakery & Breakfast ,/p/21520536_EA
Egg Bake Garden Mushroom & Bacon Quiche,$4.99 ,$4.99 ,"2x95.0 g, $2.63/100g",Bakery & Breakfast ,/p/21060391_EA
Waffles Chia Plus Organic,$5.79 ,$5.79 ,"210 g, $2.76/100g",Bakery & Breakfast ,20714045002_EA
Cinnamon Raisin Superfood Bagels,$7.99 ,$7.99 ,"116 g, $6.89/100g",Bakery & Breakfast ,/p/21411431_EA
Gluten Free Chocolate Chip Waffle,$5.79 ,$5.79 ,"210 g, $2.76/100g",Bakery & Breakfast ,/p/20930671_EA
Bread U.F. Oat,$9.49 ,$9.49 ,"544 g, $1.74/100g",Bakery & Breakfast ,/p/21446964_EA
"Tortilla, Grain Free Keto",$9.49 ,$9.49 ,"210 g, $4.52/100g",Bakery & Breakfast ,/p/21330703_EA
"Sprouted Organic Ancient Grains, Big Red's Bread",$5.29 ,$5.49 ,"510 g, $1.04/100g",Bakery & Breakfast ,20821487002_EA
Donuts Chocolate Dipped,$7.99 ,$7.99 ,"320 g, $2.50/100g",Bakery & Breakfast ,/p/21455422_EA
Millet & Chia Hamburger Buns,$8.49 ,$8.49 ,"320 g, $2.65/100g",Bakery & Breakfast ,/p/21047028_EA
Blueberry Waffles,$12.00 ,$12.00 ,"1680 g, $0.71/100g",Bakery & Breakfast ,20322093002_EA
Multigrain Sandwich Thins,$6.79 ,$6.79 ,"510 g, $1.33/100g",Bakery & Breakfast ,/p/20979884_EA
"5 Minute Potato, Egg and Bacon Breakfast Bowl",$6.79 ,$6.79 ,"200 g, $3.40/100g",Bakery & Breakfast ,/p/21477777_EA
Great Canadian Egg Cups,$3.29 ,$3.29 ,"140 g, $2.35/100g",Bakery & Breakfast ,/p/21413885_EA
Sandwich Thins Cauliflower Everything,$8.99 ,$8.99 ,"191 g, $4.71/100g",Bakery & Breakfast ,/p/21520836_EA
Gluten Free Chia Classic Bread,$7.99 ,$7.99 ,"480 g, $1.66/100g",Bakery & Breakfast ,/p/21218834_EA
Unbread Loaf,$9.99 ,$9.99 ,"520 g, $1.92/100g",Bakery & Breakfast ,/p/21441373_EA
9 Minute No Flip Onion & Potato Patties,$4.99 ,$4.99 ,"600 g, $0.83/100g",Bakery & Breakfast ,/p/21455650_EA
Egg Bake Garden Spinach and Ricotta Quiche,$4.99 ,$4.99 ,"2x95.0 g, $2.63/100g",Bakery & Breakfast ,/p/21060397_EA
"Eggo Plus Fibre Strawberry Flavour, 8 waffles",$4.49 ,$4.49 ,"280 g, $1.60/100g",Bakery & Breakfast ,20323436003_EA
Turkey Sausage & Cheese Egg Cups,$3.29 ,$3.29 ,"140 g, $2.35/100g",Bakery & Breakfast ,/p/21414785_EA
Gluten-Free Cinnamon Sugar Donuts,$6.49 ,$6.49 ,"270 g, $2.40/100g",Bakery & Breakfast ,/p/20145829_EA
Thick & Fluffy Waffles Blueberry,$4.69 ,$4.69 ,"330 g, $1.42/100g",Bakery & Breakfast ,/p/21511744_EA
"Toaster Strudel, Blueberry",$4.29 ,$4.29 ,"326 g, $1.32/100g",Bakery & Breakfast ,20172664003_EA
Superfood Bagels Everything,$7.99 ,$7.99 ,"116 g, $6.89/100g",Bakery & Breakfast ,/p/21512027_EA
Bread Seeded,$9.49 ,$9.49 ,"544 g, $1.74/100g",Bakery & Breakfast ,/p/21379252_EA
Millet & Chia Bread,$8.49 ,$8.49 ,"454 g, $1.87/100g",Bakery & Breakfast ,/p/20935128_EA
Eggbites Tex Mex Quiche,$6.99 ,$6.99 ,"336 g, $2.08/100g",Bakery & Breakfast ,/p/21377858_EA
Bread White Gluten Free ,$9.99 ,$9.99 ,"550 g, $1.82/100g",Bakery & Breakfast ,/p/21394190_EA
Egg Bites! Mini Crustless Quiches Snack Size,$6.99 ,$6.99 ,"336 g, $2.08/100g",Bakery & Breakfast ,/p/21479601_EA
Radically Honest Bagels Cinnamon Raisin,$9.99 ,$9.99 ,"360 g, $2.78/100g",Bakery & Breakfast ,/p/21441071_EA
Cinnamon & Raisin Bread,$8.49 ,$8.49 ,"482 g, $1.76/100g",Bakery & Breakfast ,/p/20979534_EA
Chia And Flax Seed  Superfood Bagels,$7.99 ,$7.99 ,"116 g, $6.89/100g",Bakery & Breakfast ,/p/21411425_EA
"Eggo Original Waffles, 48 waffles",$15.99 ,$15.99 ,"1.68 kg, $0.95/100g",Bakery & Breakfast ,20296503001_EA
"Multigrain Flatbread, Plain",$6.79 ,$6.79 ,"405 g, $1.68/100g",Bakery & Breakfast ,/p/20979874_EA
Gluten Free Bagels Seeded Herb & Garlic,$11.99 ,$11.99 ,"335 g, $3.58/100g",Bakery & Breakfast ,/p/21446968_EA
Free From Pork Breakfast Patties,$9.99 ,$9.99 ,"375 g, $2.66/100g",Bakery & Breakfast ,/p/21311564_EA
All-Day Breakfast Hash Brown Sticks,$4.29 ,$4.29 ,"650 g, $0.66/100g",Bakery & Breakfast ,/p/21306358_EA
"Flax Plus Waffles, Buckwheat Wildberry",$5.79 ,$5.79 ,"210 g, $2.76/100g",Bakery & Breakfast ,20085767004_EA
Bread  White ,$9.49 ,$9.49 ,"544 g, $1.74/100g",Bakery & Breakfast ,/p/21379251_EA
Sweet Hawaiian Wide Slice,$8.99 ,$8.99 ,"539 g, $1.67/100g",Bakery & Breakfast ,/p/21479458_EA
Plant-Based Egg Style Patties,$9.99 ,$9.99 ,"227 g, $4.40/100g",Bakery & Breakfast ,/p/21520729_EA
Sprouted Power Bagels Sesame Sunflower Organic 5 Bagels,$5.29 ,$6.69 ,"400 g, $1.32/100g",Bakery & Breakfast ,/p/21100346_EA
Sprouted Power Bagels Cinnamon Raisin Organic 5 Bagels,$5.29 ,$6.69 ,"400 g, $1.32/100g",Bakery & Breakfast ,/p/21100351_EA
Vegan Keto Gluten Free,$9.99 ,$9.99 ,"350 g, $2.85/100g",Bakery & Breakfast ,/p/21185269_EA
"5 Minute Potato, Egg & Bacon Breakfast Bowl",$6.79 ,$6.79 ,"200 g, $3.40/100g",Bakery & Breakfast ,/p/21477823_EA
Toaster Scrambles Egg & Cheese,$4.29 ,$4.29 ,"204 g, $2.10/100g",Bakery & Breakfast ,/p/21474512_EA
Egg Bites Pizza Mini,$6.99 ,$6.99 ,"336 g, $2.08/100g",Bakery & Breakfast ,/p/21377847_EA
"Organic Sprouted Bread, Soft Wheat",$5.29 ,$5.49 ,"680 g, $0.78/100g",Bakery & Breakfast ,/p/21047166_EA
Eggo Thick & Fluffy Waffles Whole Grain Original,$4.69 ,$4.69 ,"330 g, $1.42/100g",Bakery & Breakfast ,/p/21510005_EA
Bread Cinnamon Raisin Gluten Free,$9.99 ,$9.99 ,"550 g, $1.82/100g",Bakery & Breakfast ,/p/21394208_EA
Frozen Fried Potatoes Straight Cut Fries Crispy Classic Value Pack,$9.99 ,$9.99 ,"1.8 kg, $0.56/100g",Bakery & Breakfast ,/p/21484296_EA
"Egg, Bacon and Cheese Breakfast Pockets",$8.79 ,$8.79 ,"600 g, $1.47/100g",Bakery & Breakfast ,/p/21452868_EA
Keto Vegan Pizza Crust,$10.99 ,$10.99 ,"200 g, $5.50/100g",Bakery & Breakfast ,/p/21238390_EA
Egg and Cheese Breakfast Pockets,$8.79 ,$8.79 ,"600 g, $1.47/100g",Bakery & Breakfast ,/p/21452894_EA
All-Butter Croissants,$7.99 ,$7.99 ,"312 g, $2.56/100g",Bakery & Breakfast ,/p/21545111_EA
Frozen Bread Dough White,$8.49 ,$8.49 ,"445 g, $1.91/100g",Bakery & Breakfast ,/p/20080832_EA
Sandwhich Thins Cauliflower Original,$8.99 ,$8.99 ,"191 g, $4.71/100g",Bakery & Breakfast ,/p/21520834_EA
O'dippers Original,$6.49 ,$6.49 ,"210 g, $3.09/100g",Bakery & Breakfast ,/p/21550970_EA
Bagels Plain,$11.99 ,$11.99 ,"335 g, $3.58/100g",Bakery & Breakfast ,/p/21446961_EA
Egg Bakes! Crustless Quiche 4 Cheese & Ham,$4.99 ,$4.99 ,"2 ea, $2.50/1ea",Bakery & Breakfast ,/p/21097732_EA
Bagel Thins Pumpernickel,$6.49 ,$6.49 ,"300 g, $2.16/100g",Bakery & Breakfast ,/p/21106819_EA
Bread Seeded Gluten Free,$9.99 ,$9.99 ,"550 g, $1.82/100g",Bakery & Breakfast ,/p/21394204_EA
Keto Paleo Buns,$9.99 ,$9.99 ,"350 g, $2.85/100g",Bakery & Breakfast ,/p/21185462_EA
"Flax Plus Organic Gluten Free Waffles, Homestyle",$5.79 ,$5.79 ,"210 g, $2.76/100g",Bakery & Breakfast ,20085767003_EA
Cubed Ice,$3.79 ,$3.79 ,"2.3 kg, $0.16/100g",Beverages & Ice,/p/21467229_EA
Concentrated Fruit Punch,$1.29 ,$1.29 ,"283 ml, $0.46/100ml",Beverages & Ice,20552134002_EA
Concentrated Berry Punch,$1.29 ,$1.29 ,"283 ml, $0.46/100ml",Beverages & Ice,20552134001_EA
Concentrated Grape Punch,$1.29 ,$1.29 ,"283 ml, $0.46/100ml",Beverages & Ice,20552134003_EA
"Pink Lemonade Frozen Concentrate, Can",$1.99 ,$1.99 ,"295 ml, $0.67/100ml",Beverages & Ice,20418457003_EA
"Berry Punch Frozen Concentrate Juice Beverage, Can",$1.79 ,$1.79 ,"295 ml, $0.61/100ml",Beverages & Ice,20418237002_EA
"Fruit Punch Frozen Concentrate Juice Beverage, Can",$1.49 ,$1.49 ,"295 ml, $0.51/100ml",Beverages & Ice,20418237001_EA
"Lemonade Frozen Concentrate, Can",$1.99 ,$1.99 ,"295 ml, $0.67/100ml",Beverages & Ice,20418457002_EA
"Grape Punch Frozen Concentrate Juice Beverage, Can",$1.79 ,$1.79 ,"295 ml, $0.61/100ml",Beverages & Ice,20418237004_EA
"Mango Punch Frozen Concentrate Juice Beverage, Can",$1.79 ,$1.79 ,"295 ml, $0.61/100ml",Beverages & Ice,20418237005_EA
Concentrated Lemonade,$1.59 ,$1.59 ,"283 ml, $0.56/100ml",Beverages & Ice,20559141002_EA
"Frozen Concentrate Orange Juice, Can",$2.69 ,$2.69 ,"295 ml, $0.91/100ml",Beverages & Ice,20418533002_EA
Premium Ice 12 kg,$10.49 ,$10.49 ,"12 kg, $0.09/100g",Beverages & Ice,/p/20128356_EA
Citrus Juice,$2.69 ,$2.69 ,"295 ml, $0.91/100ml",Beverages & Ice,20418326001_EA
Frozen Concentrated Fruit Beverage Cherry Berry,$1.49 ,$1.49 ,"355 ml, $0.42/100ml",Beverages & Ice,/p/21399858_EA
Superfood Tea Cubes,$12.99 ,$12.99 ,"81 g, $16.04/100g",Beverages & Ice,/p/21333087_EA
Gluten Free Bruschetta Cauliflower Flatbread,$9.49 ,$9.49 ,"342 g, $2.77/100g",Meatless Alternatives,/p/21395544_EA
Plant Based Burgers,$19.99 ,$19.99 ,"678 g, $2.95/100g",Meatless Alternatives,/p/21378994_EA
"Plant Based Black Bean, Corn and Sweet Potato Veggie Burgers",$8.99 ,$8.99 ,"452 g, $1.99/100g",Meatless Alternatives,/p/21431950_EA
Plant Based Chickpea and Sweet Potato Veggie Burgers,$8.99 ,$8.99 ,"452 g, $1.99/100g",Meatless Alternatives,/p/21433332_EA
Plant Based Chickenless Breaded Strips,$6.99 ,$6.99 ,"350 g, $2.00/100g",Meatless Alternatives,/p/21179189_EA
"Gluten-Free Burrito, Beans & Rice",$5.29 ,$5.29 ,"156 g, $3.39/100g",Meatless Alternatives,20371439001_EA
Plant Based Beefless Undeniable Burger,$12.49 ,$12.49 ,"452 g, $2.76/100g",Meatless Alternatives,/p/21179192_EA
Plant-Based Breaded Tenders Original,$6.99 ,$6.99 ,"227 g, $3.08/100g",Meatless Alternatives,/p/21527730_EA
"Gluten-Free Burrito, Cheddar Cheese",$5.29 ,$5.29 ,"156 g, $3.39/100g",Meatless Alternatives,20371439002_EA
"Burrito, Cheddar Cheese",$5.99 ,$5.99 ,"170 g, $3.52/100g",Meatless Alternatives,20320495001_EA
"Organic Burrito, Bean & Rice",$5.99 ,$5.99 ,"170 g, $3.52/100g",Meatless Alternatives,20042092002_EA
"Organic Burrito, Black Bean",$5.99 ,$5.99 ,"170 g, $3.52/100g",Meatless Alternatives,20320495002_EA
Vegan Cauliflower Wings,$7.99 ,$7.99 ,"375 g, $2.13/100g",Meatless Alternatives,/p/21213462_EA
Organic Ketchup,$6.00 ,$6.00 ,"575 ml, $1.04/100ml",Condiments & Sauces,/p/20021787_EA
Light Tamari Soy Sauce,$6.99 ,$6.99 ,"296 ml, $2.36/100ml",Condiments & Sauces,/p/20028533_EA
Organic Coconut Milk,$3.99 ,$3.99 ,"398 ml, $1.00/100ml",Condiments & Sauces,/p/20100728_EA
Avocado Oil Mayo,$12.49 ,$12.49 ,"355 ml, $3.52/100ml",Condiments & Sauces,/p/20967917_EA
Organic Gluten-Free Tamari,$6.99 ,$6.99 ,"296 ml, $2.36/100ml",Condiments & Sauces,/p/20304746_EA
Tamari Soy Sauce,$9.99 ,$9.99 ,"592 ml, $1.69/100ml",Condiments & Sauces,/p/20996217_EA
All Purpose Liquid Soy Seasoning,$12.99 ,$12.99 ,"946 ml, $1.37/100ml",Condiments & Sauces,/p/20056140_EA
Light Coconut Milk,$3.49 ,$3.49 ,"400 ml, $0.87/100ml",Condiments & Sauces,/p/21418166_EA
Tamari Soy Sauce,$6.99 ,$6.99 ,"296 ml, $2.36/100ml",Condiments & Sauces,/p/20303854_EA
Soy Sauce Substitute Soy-Free Seasoning Sauce,$9.99 ,$9.99 ,"296 ml, $3.38/100ml",Condiments & Sauces,/p/20984039_EA
Organic Yellow Prepared Mustard,$5.99 ,$5.99 ,"325 ml, $1.84/100ml",Condiments & Sauces,/p/20959827_EA
Organic Tomato Ketchup,$7.49 ,$7.49 ,"750 ml, $1.00/100ml",Condiments & Sauces,/p/20021486_EA
Gluten-Free Teriyaki Sauce,$6.99 ,$6.99 ,"296 ml, $2.36/100ml",Condiments & Sauces,20298866001_EA
All Purpose Liquid Soy Seasoning,$8.49 ,$8.49 ,"473 ml, $1.79/100ml",Condiments & Sauces,/p/20092748_EA
Organic Sauerkraut,$4.99 ,$4.99 ,"473 ml, $1.05/100ml",Condiments & Sauces,/p/21355242_EA
Soy Sauce Subtitute Organic,$14.99 ,$14.99 ,"500 ml, $3.00/100ml",Condiments & Sauces,/p/21416937_EA
Amazing Dad's Organic BBQ Sauce,$7.99 ,$7.99 ,"500 ml, $1.60/100ml",Condiments & Sauces,20667669003_EA
Homestyle Ranch Dressing,$5.49 ,$6.49 ,"237 ml, $2.32/100ml",Condiments & Sauces,/p/20983346_EA
Creamy Caesar Dressing,$5.49 ,$6.49 ,"237 ml, $2.32/100ml",Condiments & Sauces,/p/20983342_EA
Organic BBQ Sauce,$6.99 ,$6.99 ,"250 ml, $2.80/100ml",Condiments & Sauces,/p/21172444_EA
Mayonnaise Classic,$12.49 ,$12.49 ,"332 ml, $3.76/100ml",Condiments & Sauces,/p/21541907_EA
Organic Ketchup,$6.99 ,$6.99 ,"250 ml, $2.80/100ml",Condiments & Sauces,/p/21172451_EA
Caesar Dressing,$11.99 ,$11.99 ,"237 ml, $5.06/100ml",Condiments & Sauces,/p/21332805_EA
Ranch Dressing,$11.99 ,$11.99 ,"237 ml, $5.06/100ml",Condiments & Sauces,/p/21332538_EA
Soy Free Sauce Soy Sauce Substitute,$9.99 ,$9.99 ,"296 ml, $3.38/100ml",Condiments & Sauces,/p/21391850_EA
Mayo Original,$15.99 ,$15.99 ,"355 ml, $4.50/100ml",Condiments & Sauces,/p/21332576_EA
Basil Tomato Bliss Organic Pasta Sauce,$8.49 ,$8.49 ,"680 ml, $1.25/100ml",Condiments & Sauces,/p/21306343_EA
Good Food For Good Butter Chicken Sauce Organic,$10.49 ,$10.49 ,"250 ml, $4.20/100ml",Condiments & Sauces,/p/21333355_EA
Green Goddess Dressing,$11.99 ,$11.99 ,"237 ml, $5.06/100ml",Condiments & Sauces,/p/21332567_EA
Sauce & Marinade Teriyaki,$8.49 ,$8.49 ,"350 ml, $2.43/100ml",Condiments & Sauces,/p/21543290_EA
Sauce & Marinade Korean Bbq,$8.49 ,$8.49 ,"350 ml, $2.43/100ml",Condiments & Sauces,/p/21543303_EA
Good Food For Good Coconut Curry Sauce Organic,$10.49 ,$10.49 ,"250 ml, $4.20/100ml",Condiments & Sauces,/p/21333362_EA
Sweet Fish,$4.79 ,$4.79 ,"50 g, $9.58/100g","Chocolate, Candy & Gum ",/p/21154474_EA
Candy Gummy Worms,$4.79 ,$4.79 ,"50 g, $9.58/100g","Chocolate, Candy & Gum ",/p/21382026_EA
Peach Rings,$4.79 ,$4.79 ,"50 g, $9.58/100g","Chocolate, Candy & Gum ",/p/21199935_EA
Candy Sour Blast Buddies Sour 50 g,$4.79 ,$4.79 ,"50 g, $9.58/100g","Chocolate, Candy & Gum ",/p/21154465_EA
Melon Bites,$4.79 ,$4.79 ,"50 g, $9.58/100g","Chocolate, Candy & Gum ",/p/21356914_EA
Gummy Bear Fruit,$4.79 ,$4.79 ,"50 g, $9.58/100g","Chocolate, Candy & Gum ",/p/21107410_EA
Organics Dark Chocolate,$4.49 ,$4.49 ,"100 g, $4.49/100g","Chocolate, Candy & Gum ",/p/21215962_EA
Organic Peanut Butter Cups,$3.29 ,$3.29 ,"2 ea, $1.65/1ea","Chocolate, Candy & Gum ",/p/21208555_EA
Candy Cola Gummies,$4.79 ,$4.79 ,"50 g, $9.58/100g","Chocolate, Candy & Gum ",/p/21411756_EA
Candy Swedish Bears,$3.49 ,$3.49 ,"50 g, $6.98/100g","Chocolate, Candy & Gum ",/p/21496367_EA
Variety Pack ,$3.49 ,$3.49 ,"50 g, $6.98/100g","Chocolate, Candy & Gum ",/p/21428804_EA
Organics Sea Salt Dark Chocolate,$4.49 ,$4.49 ,"100 g, $4.49/100g","Chocolate, Candy & Gum ",/p/21412056_EA
Organics Dark Chocolate,$8.49 ,$8.49 ,"300 g, $2.83/100g","Chocolate, Candy & Gum ",/p/21306800_EA
Soft Licorice,$3.79 ,$3.79 ,"170 g, $2.23/100g","Chocolate, Candy & Gum ",/p/21435022_EA
Dark Chocolate Almond Butter Cup  ,$5.49 ,$5.49 ,"98 g, $5.60/100g","Chocolate, Candy & Gum ",/p/21335526_EA
"PUR Gum, Spearmint",$4.99 ,$4.99 ,"80 g, $6.24/100g","Chocolate, Candy & Gum ",20799503001_EA
Peppermint Gum Bag,$4.99 ,$4.99 ,"80 g, $6.24/100g","Chocolate, Candy & Gum ",20799503002_EA
Mixed Berry ,$3.49 ,$3.49 ,"50 g, $6.98/100g","Chocolate, Candy & Gum ",/p/21427184_EA
Dark Chocolate Peanut Butter Cups,$5.49 ,$5.49 ,"14 g, $39.21/100g","Chocolate, Candy & Gum ",/p/21411801_EA
Koochikoo Lollipops,$4.49 ,$4.49 ,"60 g, $7.48/100g","Chocolate, Candy & Gum ",/p/21290072_EA
Cashew Butter Cups,$3.29 ,$3.29 ,"40 g, $8.23/100g","Chocolate, Candy & Gum ",/p/21295931_EA
Sun Cups,$3.69 ,$3.69 ,"42 g, $8.79/100g","Chocolate, Candy & Gum ",/p/21085202_EA
Ginger Chews Original,$3.49 ,$3.49 ,"60 g, $5.82/100g","Chocolate, Candy & Gum ",/p/21337883_EA
Organics Milk Chocolate,$4.49 ,$4.49 ,"100 g, $4.49/100g","Chocolate, Candy & Gum ",/p/21412076_EA
Candy Root Bears,$3.49 ,$3.49 ,"50x50.0 g, $6.98/100g","Chocolate, Candy & Gum ",/p/21523224_EA
Dark Chocolate,$5.49 ,$5.49 ,"90 g, $6.10/100g","Chocolate, Candy & Gum ",/p/21219463_EA
Sun Cups Minis,$9.99 ,$9.99 ,"119 g, $8.39/100g","Chocolate, Candy & Gum ",/p/21084958_EA
Lily'S Sweet'S Salted Carmel Milk Chocolate,$5.99 ,$5.99 ,"80 g, $7.49/100g","Chocolate, Candy & Gum ",/p/21335645_EA
"Organic Dark Chocolate Bar, Mint 67% Cacao",$5.49 ,$5.49 ,"100 g, $5.49/100g","Chocolate, Candy & Gum ",20805255009_EA
Dark Chocolate Coconut Cups,$5.49 ,$5.49 ,"98 g, $5.60/100g","Chocolate, Candy & Gum ",/p/21527931_EA
Ginger Chews Original Flavour,$4.99 ,$4.99 ,"113 g, $4.42/100g","Chocolate, Candy & Gum ",/p/21535646_EA
Licorice Original Candy,$1.29 ,$1.29 ,"32 g, $4.03/100g","Chocolate, Candy & Gum ",/p/21438248_EA
Ricemilk Crunch Chocolate Bars,$2.99 ,$2.99 ,"32 g, $9.34/100g","Chocolate, Candy & Gum ",/p/21154536_EA
"Sun Cups Minis, Dark Chocolate",$9.99 ,$9.99 ,"119 g, $8.39/100g","Chocolate, Candy & Gum ",/p/21084984_EA
Keto Dark Chocolate Covered Almonds,$5.49 ,$5.49 ,"100 g, $5.49/100g","Chocolate, Candy & Gum ",/p/21333094_EA
Lily'S Sweet'S Creamy Milk Chocolate Bar,$5.99 ,$5.99 ,"85 g, $7.05/100g","Chocolate, Candy & Gum ",/p/21335677_EA
"Sun Cups, Dark Chocolate",$3.69 ,$3.69 ,"42 g, $8.79/100g","Chocolate, Candy & Gum ",/p/21085204_EA
Candy Lollipops,$9.99 ,$9.99 ,"86 g, $11.62/100g","Chocolate, Candy & Gum ",/p/21495918_EA
Almond Chocolate Seasalt,$5.49 ,$5.49 ,"98 g, $5.60/100g","Chocolate, Candy & Gum ",p/21333102_C01
Hazelnut Butter Dark Chocolate,$8.49 ,$8.49 ,"60 g, $14.15/100g","Chocolate, Candy & Gum ",/p/21463978_EA
Licorice Strawberry Candy,$3.79 ,$3.79 ,"170 g, $2.23/100g","Chocolate, Candy & Gum ",/p/21435019_EA
Dark Chocolate,$5.49 ,$5.49 ,"90 g, $6.10/100g","Chocolate, Candy & Gum ",/p/21219438_EA
Mini Dark Chocolate Peanut Butter Cups Organic,$7.99 ,$7.99 ,"120 g, $6.66/100g","Chocolate, Candy & Gum ",/p/21386835_EA
Chocolate Extra Dark,$4.99 ,$4.99 ,"85 g, $5.87/100g","Chocolate, Candy & Gum ",/p/21104213_EA
Vitamin C Gummies,$10.99 ,$10.99 ,"240 g, $4.58/100g","Chocolate, Candy & Gum ",/p/21412132_EA
Mints Peppermint,$2.99 ,$2.99 ,"22 g, $13.59/100g","Chocolate, Candy & Gum ",21004017001_EA
Camino Organic Almond & Seasalt 55%,$5.49 ,$5.49 ,"100 g, $5.49/100g","Chocolate, Candy & Gum ",/p/21336301_EA
Dark Chocolate Salty,$8.49 ,$8.49 ,"60 g, $14.15/100g","Chocolate, Candy & Gum ",/p/21463975_EA
Dark Chocolate Clusters    ,$12.49 ,$12.49 ,"300 g, $4.16/100g","Chocolate, Candy & Gum ",/p/21335483_EA
Real Cherry Dark Chocolate Superfoods,$8.99 ,$8.99 ,"235 g, $3.83/100g","Chocolate, Candy & Gum ",/p/21426228_EA
Candy Sour Keys,$3.99 ,$3.99 ,"50 g, $7.98/100g","Chocolate, Candy & Gum ",/p/21468462_EA
Dark Chocolate Sea Salt & Almonds,$4.99 ,$4.99 ,"85 g, $5.87/100g","Chocolate, Candy & Gum ",/p/21104228_EA
Mini Milk Chocolate Peanut Butter Cups Organic,$7.99 ,$7.99 ,"120 g, $6.66/100g","Chocolate, Candy & Gum ",/p/21522133_EA
"Wintergreen Gum, Bag",$4.99 ,$4.99 ,"80 g, $6.24/100g","Chocolate, Candy & Gum ",21003794001_EA
Swedish Hippos Natural Berry Flavour,$3.99 ,$3.99 ,"50 g, $7.98/100g","Chocolate, Candy & Gum ",/p/21468448_EA
Gum Bubblegum,$4.99 ,$4.99 ,"0.077 kg, $6.48/100g","Chocolate, Candy & Gum ",/p/21299072_EA
Keto Organic Dark Chocolate Clusters,$12.49 ,$12.49 ,"300 g, $4.16/100g","Chocolate, Candy & Gum ",/p/21358816_EA
Chocolate Almond Milk,$5.49 ,$5.49 ,"90 g, $6.10/100g","Chocolate, Candy & Gum ",/p/21219455_EA
Dark Chocolate Thins Almond,$6.49 ,$6.49 ,"96 g, $6.76/100g","Chocolate, Candy & Gum ",/p/21461755_EA
Organics Extra Dark Chocolate,$8.49 ,$8.49 ,"300 g, $2.83/100g","Chocolate, Candy & Gum ",/p/21306789_EA
"Hippo Gummies Lemon, Mango, Watermelon, Strawberry Flavour",$3.99 ,$3.99 ,"50 g, $7.98/100g","Chocolate, Candy & Gum ",/p/21466663_EA
Organics Hazelnut Milk Chocolate,$4.49 ,$4.49 ,"100 g, $4.49/100g","Chocolate, Candy & Gum ",/p/21290660_EA
Chunkies Energy Bites Crispy Chocolate Raspberry Dark,$2.79 ,$2.79 ,"37 g, $7.54/100g","Chocolate, Candy & Gum ",/p/21359585_EA
Organic Pops,$9.99 ,$9.99 ,"241 g, $4.15/100g","Chocolate, Candy & Gum ",/p/21370629_EA
Jolly Gems Hard Candy,$9.99 ,$9.99 ,"70 g, $14.27/100g","Chocolate, Candy & Gum ",/p/21495915_EA
Candy Sour Hippo Gummies,$3.99 ,$3.99 ,"50 g, $7.98/100g","Chocolate, Candy & Gum ",/p/21468443_EA
Licorice Strawberry Candy,$1.29 ,$1.29 ,"32 g, $4.03/100g","Chocolate, Candy & Gum ",/p/21434811_EA
Organic Giggles Candy,$10.49 ,$10.49 ,"142 g, $7.39/100g","Chocolate, Candy & Gum ",/p/21518233_EA
Organic Dark Chocolate With Chopped Roasted Hazelnuts And Currants Imtense Dark,$4.29 ,$4.29 ,"90 g, $4.77/100g","Chocolate, Candy & Gum ",/p/21535366_EA
Real Blueberry Dark Chocolate Superfoods,$8.99 ,$8.99 ,"235 g, $3.83/100g","Chocolate, Candy & Gum ",/p/21426223_EA
Chocolat Chunkies Energy Bites Crispy Chocolate Cocoa 72 % Dark,$2.79 ,$2.79 ,"37 g, $7.54/100g","Chocolate, Candy & Gum ",/p/21359553_EA
Chocolate Style,$4.99 ,$4.99 ,"80 g, $6.24/100g","Chocolate, Candy & Gum ",/p/21412837_EA
Candy Organic Chewys,$10.49 ,$10.49 ,"142 g, $7.39/100g","Chocolate, Candy & Gum ",/p/21518232_EA
Chunkies Energy Bites Crispy Chocolate Latte Milk,$2.79 ,$2.79 ,"37 g, $7.54/100g","Chocolate, Candy & Gum ",/p/21359633_EA
Organic Quick Rolled Oats,$4.99 ,$4.99 ,"1000 g, $0.50/100g",Cereal & Granola,/p/20705773_EA
Organics Old Fashioned Gluten Free Rolled Oats,$5.99 ,$5.99 ,"900 g, $0.67/100g",Cereal & Granola,/p/21396198_EA
"Love Crunch Granola, Dark Chocolate & Red Berries",$6.99 ,$6.99 ,"325 g, $2.15/100g",Cereal & Granola,20551080001_EA
Envirokidz Cereal Peanut Butter & Chocolate Organic,$4.79 ,$4.79 ,"284 g, $1.69/100g",Cereal & Granola,20318010002_EA
Envirokidz Organic Chocolate Choco Chimps,$4.79 ,$4.79 ,"284 g, $1.69/100g",Cereal & Granola,20789263001_EA
Heritage Cereal,$10.49 ,$10.49 ,"907 g, $1.16/100g",Cereal & Granola,20312067001_EA
Morning Crisp Cereal Clusters With Dark Chocolate Curls Dark Chocolate Dream,$6.79 ,$6.79 ,"400 g, $1.70/100g",Cereal & Granola,/p/21522267_EA
"Love Crunch, Dark Chocolate & Peanut Butter",$6.99 ,$6.99 ,"325 g, $2.15/100g",Cereal & Granola,/p/20978912_EA
Flax Plus Pumpkin Flax Granola,$5.69 ,$5.69 ,"325 g, $1.75/100g",Cereal & Granola,20311234001_EA
"Morning Crisp Cereal Clusters With Hazelnuts, Almonds, Brazil Nuts And Pecans Bursting With Nuts",$6.79 ,$6.79 ,"400 g, $1.70/100g",Cereal & Granola,/p/21522230_EA
GoLean Honey Almond Flax Crunch Cereal,$6.49 ,$6.49 ,"400 g, $1.62/100g",Cereal & Granola,/p/20591675_EA
"Love Crunch Granola, Dark Chocolate Macaroon",$6.99 ,$6.99 ,"325 g, $2.15/100g",Cereal & Granola,/p/20787526_EA
Organic Steel Cut Oats,$4.99 ,$4.99 ,"1 kg, $0.50/100g",Cereal & Granola,/p/20971286_EA
Organic Mesa Sunrise Flakes,$10.49 ,$10.49 ,"750 g, $1.40/100g",Cereal & Granola,20319302001_EA
Peanut Butter Granola,$5.69 ,$5.69 ,"325 g, $1.75/100g",Cereal & Granola,20311234004_EA
"Organic Cinnamon Crunch Breakfast Cereal, Whole Grain",$6.79 ,$6.79 ,"260 g, $2.61/100g",Cereal & Granola,/p/21357234_EA
Granola Cereal Granolove Oatmeal Cookie Crunch,$5.99 ,$5.99 ,"300 g, $2.00/100g",Cereal & Granola,/p/21393188_EA
Gluten-Free Quick Oats,$6.99 ,$6.99 ,"511 g, $1.37/100g",Cereal & Granola,/p/20970661_EA
Organic Coconut Cashew Gluten Free Granola,$6.99 ,$6.99 ,"312 g, $2.24/100g",Cereal & Granola,/p/21239731_EA
Gluten Free Organic Honey Granola,$6.99 ,$6.99 ,"312 g, $2.24/100g",Cereal & Granola,/p/20978991_EA
Organic Rice Puffs Cereal,$3.99 ,$3.99 ,"170 g, $2.35/100g",Cereal & Granola,20103512002_EA
"Morning Crisp Cereal Clusters With Freeze Dried Redcurrants, Blackcurrants, Blueberries And Sliced Cranberries Wild About Berries",$6.79 ,$6.79 ,"400 g, $1.70/100g",Cereal & Granola,/p/21522345_EA
"Gerber LIL’ CRUNCHIES, Apple Sweet Potato, Toddler Snacks",$3.49 ,$3.49 ,"42 g, $8.31/100g",Cereal & Granola,/p/20782964_EA
Gerber Oat Baby Cereal,$4.99 ,$4.99 ,"227 g, $2.20/100g",Cereal & Granola,20358339006_EA
Organic Dark Chocolate & Red Berries Granola,$12.99 ,$12.99 ,"700 g, $1.86/100g",Cereal & Granola,/p/21032059_EA
Cocoa Crunch Crispy Light Granola,$6.49 ,$6.49 ,"284 g, $2.29/100g",Cereal & Granola,/p/21191632_EA
Organic Honey Almond Granola,$9.49 ,$9.49 ,"750 g, $1.27/100g",Cereal & Granola,/p/20165409_EA
Envirokidz Gorilla Munch Cereal,$10.49 ,$10.49 ,"650 g, $1.61/100g",Cereal & Granola,20056686001_EA
Organic Ancient Grains Cereal,$5.79 ,$5.79 ,"375 g, $1.54/100g",Cereal & Granola,/p/20036116_EA
Honey'd Corn Flakes,$10.49 ,$10.49 ,"750 g, $1.40/100g",Cereal & Granola,20319302003_EA
"Organic Qi'a Hot Oatmeal, Creamy Coconut",$5.49 ,$5.49 ,"228 g, $2.41/100g",Cereal & Granola,20885283002_EA
Gerber Stage 3 Oat Banana Mango Baby Cereal,$4.99 ,$4.99 ,"227 g, $2.20/100g",Cereal & Granola,/p/21024946_EA
GoLean Original Cereal,$6.49 ,$6.49 ,"370 g, $1.75/100g",Cereal & Granola,/p/20594319_EA
Tasty Smooth Oatmeal,$5.99 ,$5.99 ,"227 g, $2.64/100g",Cereal & Granola,20625551002_EA
GoLean Toasted Berry Crisp Cereal,$6.49 ,$6.49 ,"400 g, $1.62/100g",Cereal & Granola,/p/20591815_EA
Rolled Oats Old Fashioned Organic,$8.99 ,$8.99 ,"907 g, $0.99/100g",Cereal & Granola,/p/21161849_EA
Simply Delicious Muesli,$7.49 ,$7.49 ,"620 g, $1.21/100g",Cereal & Granola,20184419001_EA
Organic KAMUT Puffs,$3.99 ,$3.99 ,"170 g, $2.35/100g",Cereal & Granola,20103512004_EA
Crispy Rice Cereal,$10.49 ,$10.49 ,"750 g, $1.40/100g",Cereal & Granola,20326025002_EA
Organic Hemp Plus Granola,$5.69 ,$5.69 ,"325 g, $1.75/100g",Cereal & Granola,20311234002_EA
Barbara's Cinnamon Puffins Cereal,$5.00 ,$5.00 ,"285 g, $1.75/100g",Cereal & Granola,20309464001_EA
Mesa Sunrise Flakes with Raisins,$10.49 ,$10.49 ,"825 g, $1.27/100g",Cereal & Granola,/p/20551099_EA
Organic Cereal Sunrise Vanilla,$5.79 ,$5.79 ,"300 g, $1.93/100g",Cereal & Granola,20043938002_EA
GoLean Chocolate Crunch Cereal,$6.49 ,$6.49 ,"345 g, $1.88/100g",Cereal & Granola,/p/21073337_EA
Strawberry Crunch Crispy Light Granola,$6.49 ,$6.49 ,"284 g, $2.29/100g",Cereal & Granola,/p/21191634_EA
Heritage O's,$10.49 ,$10.49 ,"907 g, $1.16/100g",Cereal & Granola,20312067003_EA
Gerber Stage 2 Oat Prune Baby Cereal,$4.99 ,$4.99 ,"227 g, $2.20/100g",Cereal & Granola,/p/20782985_EA
Envirokidz Koala Crisp Cereal,$10.49 ,$10.49 ,"725 g, $1.45/100g",Cereal & Granola,20056686002_EA
Organic Dark Chocolate & Peanut Butter Granola,$12.99 ,$12.99 ,"700 g, $1.86/100g",Cereal & Granola,/p/21359494_EA
Chia Plus Coconut Chia Granola,$5.69 ,$5.69 ,"350 g, $1.63/100g",Cereal & Granola,/p/20649944_EA
EnviroKidz Cereal Berry Blast Cheetah Chomps Organic,$4.79 ,$4.79 ,"284 g, $1.69/100g",Cereal & Granola,/p/21112260_EA
Gluten Free  Organic Granola Berries,$6.99 ,$6.99 ,"312 g, $2.24/100g",Cereal & Granola,/p/20978997_EA
Barbara's Peanut Butter Puffins Cereal,$5.00 ,$5.00 ,"312 g, $1.60/100g",Cereal & Granola,20285075002_EA
Organic Pumpkin Flax Granola,$5.49 ,$5.49 ,"325 g, $1.69/100g",Cereal & Granola,/p/21026709_EA
Cereal Organic Blueberry Bliss,$6.79 ,$6.79 ,"380 g, $1.79/100g",Cereal & Granola,/p/20948925_EA
Oatmeal Blend With Flax & Chia Aphrodisi-Oats,$9.99 ,$9.99 ,"500 g, $2.00/100g",Cereal & Granola,/p/20971625_EA
Organic Cacao Oats,$5.49 ,$5.49 ,"210 g, $2.61/100g",Cereal & Granola,/p/21238137_EA
Gerber Stage 2 Multigrain Oatmeal & Fruit Baby Cereal,$4.99 ,$4.99 ,"227 g, $2.20/100g",Cereal & Granola,20358339004_EA
Gerber Stage 3 Wheat Biscuit Baby Cereal,$4.99 ,$4.99 ,"227 g, $2.20/100g",Cereal & Granola,20358339010_EA
Quick Oats Sprouted,$8.99 ,$8.99 ,"680 g, $1.32/100g",Cereal & Granola,/p/21532753_EA
Gluten Free Granola Strawberry Vanilla Crisp,$13.99 ,$13.99 ,"283 g, $4.94/100g",Cereal & Granola,/p/21546529_EA
Pumpkin Flax Plus Granola,$14.99 ,$14.99 ,"800 g, $1.87/100g",Cereal & Granola,/p/20015065_EA
"Organic Optimum Power, Blueberry Cinnamon Flax",$5.29 ,$5.29 ,"320 g, $1.65/100g",Cereal & Granola,20315563002_EA
Chocolate Banana Crispy Light Granola,$6.49 ,$6.49 ,"284 g, $2.29/100g",Cereal & Granola,/p/21191631_EA
GoLean Crunch Cereal,$6.49 ,$6.49 ,"390 g, $1.66/100g",Cereal & Granola,/p/20590997_EA
Peanut Butter Whole Grain Clusters Each,$6.99 ,$6.99 ,"312 g, $2.24/100g",Cereal & Granola,20837713001_EA
"Morning Crisp Crisp Cereal Clusters With Sliced Almonds, Chopped Roasted Hazelnuts And Honey Hands Up For Honey Nut",$6.79 ,$6.79 ,"400 g, $1.70/100g",Cereal & Granola,/p/21522281_EA
Granola Cereal With Oat Beverage Granolove On The Go Brownie Crunch,$7.99 ,$7.99 ,"300 g, $2.66/100g",Cereal & Granola,/p/21438076_EA
Organic Coconut Chia Granola,$14.99 ,$14.99 ,"800 g, $1.87/100g",Cereal & Granola,/p/21120292_EA
Organic Baby Food Veggie Blend From 6+ Months,$5.99 ,$5.99 ,"136 g, $4.40/100g",Cereal & Granola,/p/21426284_EA
Stone Age Oats,$9.99 ,$9.99 ,"500 g, $2.00/100g",Cereal & Granola,/p/20971534_EA
Gerber Stage 3 Multigrain Yogurt Apple Pear Banana Baby Cereal,$4.99 ,$4.99 ,"227 g, $2.20/100g",Cereal & Granola,20358339002_EA
Oat & Chia Mix Overnight Chia Chocolatey Dream,$7.99 ,$7.99 ,"250 g, $3.20/100g",Cereal & Granola,/p/21475830_EA
With Oats And Macadamia Nuts Seductive Dark Choc Cherry Granola,$7.49 ,$7.49 ,"325 g, $2.30/100g",Cereal & Granola,/p/21220202_EA
Morning Crisp Organic Cereal Clusters Organic Outrageous Oats,$6.79 ,$6.79 ,"375 g, $1.81/100g",Cereal & Granola,/p/21522302_EA
Super High Fibre Muesli,$7.49 ,$7.49 ,"540 g, $1.39/100g",Cereal & Granola,/p/20085671_EA
Baby Food Oats And Berries,$5.99 ,$5.99 ,"136 g, $4.40/100g",Cereal & Granola,/p/21426716_EA
Overnight Chia Berry,$7.99 ,$7.99 ,"250 g, $3.20/100g",Cereal & Granola,/p/21439406_EA
Baby Cereal Wheat Banana Strawberry Sachet,$4.99 ,$4.99 ,"6x28.0 g, $17.82/100g",Cereal & Granola,p/21479197_C06
"Qi'a Superfood Chia, Buckwheat & Hemp Cereal Cranberry Vanilla",$9.29 ,$9.29 ,"225 g, $4.13/100g",Cereal & Granola,20650546002_EA
"Qi'a Superfood, Chia, Buckwheat & Hemp Cereal Original Flavour",$9.29 ,$9.29 ,"225 g, $4.13/100g",Cereal & Granola,20650546001_EA
Organics Fruit and Nut Granola,$5.49 ,$5.49 ,"325 g, $1.69/100g",Cereal & Granola,/p/21396185_EA
Flax Plus Vanilla Almond Granola,$5.69 ,$5.69 ,"325 g, $1.75/100g",Cereal & Granola,20311234007_EA
Gerber Organic Wheat & Wholegrain Oatmeal Banana Raspberry Cereal,$5.99 ,$5.99 ,"208 g, $2.88/100g",Cereal & Granola,/p/21181661_EA
Gerber Stage 3 Multigrain Yogurt Raspberry Baby Cereal,$4.99 ,$4.99 ,"227 g, $2.20/100g",Cereal & Granola,20358339009_EA
Gerber Stage 2 Multigrain Oatmeal Baby Cereal,$4.99 ,$4.99 ,"227 g, $2.20/100g",Cereal & Granola,20358339003_EA
Optimum Power Blueberry Cinnamon Flax Cereal,$14.99 ,$14.99 ,"1 kg, $1.50/100g",Cereal & Granola,/p/20034192_EA
Morning Crisp Granola Clusters Strawberry Dream,$6.79 ,$6.79 ,"400 g, $1.70/100g",Cereal & Granola,/p/21522409_EA
Organic Corn Flakes Cereal,$10.49 ,$10.49 ,"750 g, $1.40/100g",Cereal & Granola,20319302002_EA
Flax Plus Flakes,$14.99 ,$14.99 ,"1 kg, $1.50/100g",Cereal & Granola,/p/20044365_EA
Organic Baby Food Pumpkin N' Pear From 6+ Months,$5.99 ,$5.99 ,"136 g, $4.40/100g",Cereal & Granola,/p/21426393_EA
Banana Raisin Oatmeal,$5.99 ,$5.99 ,"227 g, $2.64/100g",Cereal & Granola,20625551003_EA
GERBER Organic Wheat & Wholegrain Oat Mango Carrot Baby Cereal,$5.99 ,$5.99 ,"208 g, $2.88/100g",Cereal & Granola,/p/21121809_EA
Quinoa Cacao Granola Sprouted,$8.49 ,$8.49 ,"312 g, $2.72/100g",Cereal & Granola,/p/21546521_EA
"Organic Honey Nut O's Breakfast Cereal, Whole Grain",$6.79 ,$6.79 ,"235 g, $2.89/100g",Cereal & Granola,/p/21357237_EA
Flax Plus Smart Bran ,$5.49 ,$5.49 ,"300 g, $1.83/100g",Cereal & Granola,20300563001_EA
"Morning Muesli A Blend Of Cereal Flakes With Dried Fruit, Pumpkin Seeds And Nuts Supreme Medley",$6.79 ,$6.79 ,"400 g, $1.70/100g",Cereal & Granola,/p/21522401_EA
Organic Cereal Sunrise Cinnamon,$5.79 ,$5.79 ,"300 g, $1.93/100g",Cereal & Granola,20787798002_EA
Morning Crisp Cereal Clusters With Maple Syrup 4.5% And Pecans Marvellous Maple Pecan,$6.79 ,$6.79 ,"400 g, $1.70/100g",Cereal & Granola,/p/21522295_EA
"Flax Plus Organic Hot Oatmeal, Maple Nut",$5.29 ,$5.29 ,"400 g, $1.32/100g",Cereal & Granola,20304405003_EA
Organic Baby Food Potato Kale Veggie Mash From 6+ Months,$5.99 ,$5.99 ,"136 g, $4.40/100g",Cereal & Granola,/p/21426349_EA
Organic Baby Cereal Oat,$5.99 ,$5.99 ,"208 g, $2.88/100g",Cereal & Granola,/p/21466203_EA
Granola Cereal Granolove Maple Spice Crunch,$5.99 ,$5.99 ,"300 g, $2.00/100g",Cereal & Granola,/p/21392855_EA
Really Nutty Muesli,$7.49 ,$7.49 ,"560 g, $1.34/100g",Cereal & Granola,/p/20022185_EA
Honey Hemp Granola Sprouted,$8.49 ,$8.49 ,"312 g, $2.72/100g",Cereal & Granola,/p/21546517_EA
Organic Dark Chocolate & Macaroon Granola,$12.99 ,$12.99 ,"700 g, $1.86/100g",Cereal & Granola,/p/21220201_EA
Cereal Peanut Butter & Chocolate Organic Family Size,$10.49 ,$10.49 ,"650 g, $1.61/100g",Cereal & Granola,/p/21392407_EA
Steel Cut Oats Sprouted,$8.99 ,$8.99 ,"680 g, $1.32/100g",Cereal & Granola,/p/21535637_EA
Sunrise Cereal Organic Crunchy Vanilla,$10.49 ,$10.49 ,"675 g, $1.55/100g",Cereal & Granola,/p/21033735_EA
GRANOLOVE on the go – oatmeal cookie,$7.99 ,$7.99 ,"300 g, $2.66/100g",Cereal & Granola,/p/21438086_EA
"Qi'a Oatmeal, Cinnamon & Pumpkin Seed",$5.49 ,$5.49 ,"228 g, $2.41/100g",Cereal & Granola,/p/20978914_EA
Honey'd Corn Flakes,$5.49 ,$5.49 ,"300 g, $1.83/100g",Cereal & Granola,20305710002_EA
"Organic Qi'a Hot Oatmeal, Supergrains",$5.49 ,$5.49 ,"228 g, $2.41/100g",Cereal & Granola,20885283001_EA
Morning Granola Crunchy Oat Classic,$7.69 ,$7.69 ,"375 g, $2.05/100g",Cereal & Granola,/p/21364028_EA
Apple Spinach Oatmeal,$5.99 ,$5.99 ,"208 g, $2.88/100g",Cereal & Granola,/p/20972153_EA
Organic Maple & Brown Sugar Flavour Instant Oatmeal,$5.49 ,$5.49 ,"400 g, $1.37/100g",Cereal & Granola,/p/20974190_EA
"Gerber Organic Wheat & Wholegrain Oat Banana, Baby Cereal",$5.99 ,$5.99 ,"208 g, $2.88/100g",Cereal & Granola,/p/21121781_EA
Gluten Free Granola Double Chocolate Crunch,$13.99 ,$13.99 ,"283 g, $4.94/100g",Cereal & Granola,/p/21546523_EA
Organic Flax & Hemp Granola,$5.49 ,$5.49 ,"325 g, $1.69/100g",Cereal & Granola,/p/21023096_EA
Organic Turtle Splash Cereal,$4.79 ,$4.79 ,"284 g, $1.69/100g",Cereal & Granola,/p/21238127_EA
Organic Baby Cereal Rice,$5.99 ,$5.99 ,"208 g, $2.88/100g",Cereal & Granola,/p/21466216_EA
Baby Food Tropical Mango,$5.99 ,$5.99 ,"136 g, $4.40/100g",Cereal & Granola,/p/21426219_EA
Gerber Stage 2 Wheat Banana Strawberry Baby Cereal,$4.99 ,$4.99 ,"227 g, $2.20/100g",Cereal & Granola,/p/20962127_EA
Gerber Stage 3 Multigrain Yogurt Blueberry Baby Cereal,$4.99 ,$4.99 ,"227 g, $2.20/100g",Cereal & Granola,20358339001_EA
Organic Baby Food Sweet Potato Raspberry From 6+ Months,$5.99 ,$5.99 ,"136 g, $4.40/100g",Cereal & Granola,/p/21426345_EA
"Morning Muesli A Blend Of Organic Cereal Flakes, Dried Fruit, Nuts And Sunflower Seeds Organic Fruit & Nut Medley",$6.79 ,$6.79 ,"375 g, $1.81/100g",Cereal & Granola,/p/21522381_EA
Organic Cereal Sunrise Honey,$5.79 ,$5.79 ,"300 g, $1.93/100g",Cereal & Granola,20787798001_EA
Flax Plus Cinnamon,$10.49 ,$10.49 ,"907 g, $1.16/100g",Cereal & Granola,/p/20551605_EA
Organic Cereal Sunrise Maple,$5.79 ,$5.79 ,"300 g, $1.93/100g",Cereal & Granola,20043938001_EA
"Morning Muesli A Blend Of Cereal Flakes With Nuts, Dried Fruit And Seeds 4 Nut Medley",$6.79 ,$6.79 ,"400 g, $1.70/100g",Cereal & Granola,/p/21522350_EA
Organic Cinnamon Harvest Cereal,$6.79 ,$6.79 ,"460 g, $1.48/100g",Cereal & Granola,/p/20591903_EA
Gerber Organic Apple Cereal Grain,$4.99 ,$4.99 ,"227 g, $2.20/100g",Cereal & Granola,20574634001_EA
Gerber Stage 4 Multigrain Cherries & Berries Baby Cereal,$4.99 ,$4.99 ,"227 g, $2.20/100g",Cereal & Granola,20574634002_EA
Baby Cereal Rice Sachet,$4.99 ,$4.99 ,"6x28.0 g, $17.82/100g",Cereal & Granola,p/21479235_C06
Cinnamon Oat Clusters with Flax Seeds Each,$6.99 ,$6.99 ,"312 g, $2.24/100g",Cereal & Granola,20837713002_EA
Morning Granola Crunchy Dark Chocolate & Coconut Organic,$7.69 ,$7.69 ,"325 g, $2.37/100g",Cereal & Granola,/p/21364016_EA
Gerber Rice Cereal,$4.99 ,$4.99 ,"227 g, $2.20/100g",Cereal & Granola,20358339007_EA
Morning Granola Crunchy Coconut & Raisin Organic,$7.69 ,$7.69 ,"325 g, $2.37/100g",Cereal & Granola,/p/21364034_EA
Organic Instant Oatmeal With Flaxseed,$5.49 ,$5.49 ,"400 g, $1.37/100g",Cereal & Granola,/p/20971781_EA
Gerber Rice & Banana Baby Cereal,$4.99 ,$4.99 ,"227 g, $2.20/100g",Cereal & Granola,20574110001_EA
Organic Muesli ,$5.49 ,$5.49 ,"450 g, $1.22/100g",Cereal & Granola,/p/21027896_EA
Morning Crisp An Organic Blend Of Crisp Cereal Clusters With Dark Chocolate Curls And Cocoa Nibs Decadent Dark Chocolate & Cocoa Nibs,$6.79 ,$6.79 ,"375 g, $1.81/100g",Cereal & Granola,/p/21522408_EA
Organic KAMUT Krisp,$10.49 ,$10.49 ,"750 g, $1.40/100g",Cereal & Granola,20326025001_EA
Rolled Oats Sprouted,$8.99 ,$8.99 ,"680 g, $1.32/100g",Cereal & Granola,/p/21532752_EA
Berries and Dark Chocolate Granola,$5.49 ,$5.49 ,"325 g, $1.69/100g",Cereal & Granola,/p/21396196_EA
"Healthy Grains, Oats & Honey with Toasted Coconut Each",$6.99 ,$6.99 ,"312 g, $2.24/100g",Cereal & Granola,20837713004_EA
Sunrise Cereal Organic Crunchy Maple,$10.49 ,$10.49 ,"675 g, $1.55/100g",Cereal & Granola,/p/21033732_EA
Crunchy Nut Granola,$7.69 ,$7.69 ,"375 g, $2.05/100g",Cereal & Granola,/p/21364038_EA
Organic 7 Reasons Multigrain Cereal,$5.79 ,$5.79 ,"400 g, $1.45/100g",Cereal & Granola,/p/20084864_EA
Organic Flax Plus Multibran Flakes,$5.49 ,$5.49 ,"375 g, $1.46/100g",Cereal & Granola,20309358001_EA
GoLean Toasted Cinnamon Crisp Cereal,$6.49 ,$6.49 ,"400 g, $1.62/100g",Cereal & Granola,/p/20591686_EA
Organics Smooth Peanut Butter,$5.49 ,$5.49 ,"500 g, $1.10/100g",Spreads & Syrups,/p/20298178_EA
Creamy Toasted Soy Spread,$5.79 ,$5.79 ,"500 g, $1.16/100g",Spreads & Syrups,/p/21010633_EA
"Almond Butter, 100% Smooth",$13.99 ,$13.99 ,"765 g, $1.83/100g",Spreads & Syrups,/p/21126600_EA
100% Pure Maple Syrup,$12.99 ,$12.99 ,"375 ml, $3.46/100ml",Spreads & Syrups,/p/20106169_EA
Organic Smooth Peanut Butter Club Size,$9.99 ,$9.99 ,"1 kg, $1.00/100g",Spreads & Syrups,/p/21047266_EA
Pure Honey,$7.49 ,$7.49 ,"375 g, $2.00/100g",Spreads & Syrups,/p/20055665_EA
Organic Crunchy Peanut Butter,$5.49 ,$5.49 ,"500 g, $1.10/100g",Spreads & Syrups,/p/20055833_EA
Original      ,$7.49 ,$7.49 ,"454 g, $1.65/100g",Spreads & Syrups,20016641001_EA
"Organic Peanut Butter, Smooth",$7.79 ,$7.79 ,"500 g, $1.56/100g",Spreads & Syrups,20795946001_EA
Crunchy Toasted Soy Spread 500 g,$5.79 ,$5.79 ,"500 g, $1.16/100g",Spreads & Syrups,/p/21010641_EA
Tahini,$7.99 ,$7.99 ,"500 g, $1.60/100g",Spreads & Syrups,/p/20105837_EA
100% Peanut Free Spread,$11.49 ,$11.49 ,"1 kg, $1.15/100g",Spreads & Syrups,/p/20793518_EA
Organic Fruit Spread Strawberry,$3.99 ,$3.99 ,"235 ml, $1.70/100ml",Spreads & Syrups,/p/21086014_EA
"Sun Butter Spread Sunflower Butter, No-Sugar",$7.49 ,$7.49 ,"454 g, $1.65/100g",Spreads & Syrups,/p/20987460_EA
Powdered Peanut Butter    ,$12.99 ,$12.99 ,"453 g, $2.87/100g",Spreads & Syrups,/p/21184285_EA
"Almond Butter, Smooth",$10.99 ,$10.99 ,"365 g, $3.01/100g",Spreads & Syrups,20922643001_EA
"Peanut Butter, Creamy",$5.99 ,$5.99 ,"500 g, $1.20/100g",Spreads & Syrups,20322266001_EA
"Creamy Almond Butter, No Stir",$8.99 ,$8.99 ,"365 g, $2.46/100g",Spreads & Syrups,/p/21064904_EA
"Organic Peanut Butter, Crunchy",$7.79 ,$7.79 ,"500 g, $1.56/100g",Spreads & Syrups,20795946002_EA
Spreads Almond Butter Crunchy 765 g,$13.99 ,$13.99 ,"765 g, $1.83/100g",Spreads & Syrups,/p/21334500_EA
Nuttin' But Spreads Almond Butter Smooth,$8.99 ,$8.99 ,"365 g, $2.46/100g",Spreads & Syrups,/p/21101516_EA
Raw Honey,$8.99 ,$8.99 ,"500 g, $1.80/100g",Spreads & Syrups,20302772001_EA
"Sunflower Seed Butter, Smooth",$7.99 ,$7.99 ,"500 g, $1.60/100g",Spreads & Syrups,/p/20034012_EA
Organic Maple Syrup,$18.99 ,$18.99 ,"1 l, $1.90/100ml",Spreads & Syrups,/p/21056385_EA
Spreads Sesame Seed Butter Tahini 365 g,$7.99 ,$7.99 ,"365 g, $2.19/100g",Spreads & Syrups,/p/21338723_EA
Organic Wildflower Honey,$9.49 ,$9.49 ,"500 g, $1.90/100g",Spreads & Syrups,/p/20093550_EA
Spreads Cashew Butter Smooth 365 g,$7.99 ,$7.99 ,"365 g, $2.19/100g",Spreads & Syrups,/p/21338746_EA
Sunflower Butter Chocolate,$7.49 ,$7.49 ,"454 g, $1.65/100g",Spreads & Syrups,/p/21409692_EA
Organic Pumpkin Seed Butter,$7.29 ,$7.29 ,"250 g, $2.92/100g",Spreads & Syrups,/p/20177209_EA
"Peanut Butter, Crunchy",$5.99 ,$5.99 ,"500 g, $1.20/100g",Spreads & Syrups,20322266002_EA
Almond Hazelnut Butter,$10.99 ,$10.99 ,"365 g, $3.01/100g",Spreads & Syrups,/p/20922533_EA
"Almond Butter, Crunchy",$10.99 ,$10.99 ,"365 g, $3.01/100g",Spreads & Syrups,20922643002_EA
"Cashew Butter, Smooth",$13.99 ,$13.99 ,"500 g, $2.80/100g",Spreads & Syrups,/p/20180613_EA
Powdered Peanut Butter    ,$12.99 ,$12.99 ,"453 g, $2.87/100g",Spreads & Syrups,/p/20994828_EA
Peanut Butter Crunchy Salted Caramel  ,$9.99 ,$9.99 ,"500 g, $2.00/100g",Spreads & Syrups,/p/21314277_EA
Sunflower Seed Butter,$5.49 ,$5.49 ,"365 g, $1.50/100g",Spreads & Syrups,/p/21066143_EA
Organic Fair Trade Tahini,$7.99 ,$7.99 ,"365 g, $2.19/100g",Spreads & Syrups,/p/21504625_EA
Almond Butter Bare Smooth,$10.99 ,$10.99 ,"284 g, $3.87/100g",Spreads & Syrups,/p/21085767_EA
Almond Butter Smooth Organic,$13.49 ,$13.49 ,"365 g, $3.70/100g",Spreads & Syrups,/p/21504316_EA
Almond Butter Raw Smooth,$10.99 ,$10.99 ,"365 g, $3.01/100g",Spreads & Syrups,/p/20922631_EA
"Organic Powdered Peanut Butter, Keto",$7.99 ,$7.99 ,"200 g, $4.00/100g",Spreads & Syrups,/p/21184283_EA
Almond Butter Smooth,$10.99 ,$10.99 ,"284 g, $3.87/100g",Spreads & Syrups,/p/21085763_EA
Peanut Butter Classic    ,$9.99 ,$9.99 ,"500 g, $2.00/100g",Spreads & Syrups,/p/21314270_EA
Clover Honey,$8.99 ,$8.99 ,"500 g, $1.80/100g",Spreads & Syrups,20302772002_EA
Premium Spread Berry Harvest Organic,$6.49 ,$6.49 ,"383 ml, $1.69/100ml",Spreads & Syrups,/p/21345274_EA
"Almond Butter, Crunchy",$8.99 ,$8.99 ,"365 g, $2.46/100g",Spreads & Syrups,/p/21064877_EA
Bioactive Honey Manuka Mgo 550+,$32.99 ,$32.99 ,"250 g, $13.20/100g",Spreads & Syrups,/p/21525923_EA
"Almond Butter, Roasted",$10.99 ,$10.99 ,"340 g, $3.23/100g",Spreads & Syrups,/p/21029922_EA
Spreads Almond Butter Crunchy 365 g,$8.99 ,$8.99 ,"365 g, $2.46/100g",Spreads & Syrups,/p/21334497_EA
"Almond Cashew Butter, Smooth",$10.99 ,$10.99 ,"365 g, $3.01/100g",Spreads & Syrups,/p/20922564_EA
Bioactive Manuka Honey,$21.99 ,$21.99 ,"375 g, $5.86/100ml",Spreads & Syrups,/p/21291109_EA
Chocolate Coconut Spread Organic,$7.99 ,$7.99 ,"326 g, $2.45/100g",Spreads & Syrups,/p/21513793_EA
Vanilla Coconut Spread Organic,$7.99 ,$7.99 ,"326 g, $2.45/100g",Spreads & Syrups,/p/21513814_EA
Seed Butter Super Seed,$8.49 ,$8.49 ,"340 g, $2.50/100g",Spreads & Syrups,/p/21405662_EA
"Almond Butter, Raw",$10.99 ,$10.99 ,"340 g, $3.23/100g",Spreads & Syrups,/p/21029670_EA
Seed Butter Salted Caramel,$8.49 ,$8.49 ,"340 g, $2.50/100g",Spreads & Syrups,/p/21404045_EA
Active Manuka Honey,$14.99 ,$14.99 ,"375 g, $4.00/100g",Spreads & Syrups,/p/21084948_EA
Organic 100% Pure Apple Juice Boxes,$3.29 ,$3.29 ,"4x200.0 ml, $0.41/100ml",Beverages,20333714001_EA
Organic Mango Orange Fruit Juice Boxes,$3.29 ,$3.29 ,"4x200.0 ml, $0.41/100ml",Beverages,20333714004_EA
"Organic Coconut Beverage, Unsweetened, Dairy-Free, Shelf Stable",$3.29 ,$3.29 ,"946 ml, $0.35/100ml",Beverages,/p/21384428_EA
Organic Mango Orange Fruit Juice Blend,$3.29 ,$3.29 ,"1 l, $0.33/100ml",Beverages,20312710001_EA
Organic Apple Grape Fruit Juice Boxes,$3.29 ,$3.29 ,"4x200.0 ml, $0.41/100ml",Beverages,20333714002_EA
"Organic Fairtrade Medium Roast Ground Coffee, Three Sisters",$13.99 ,$13.99 ,"284 g, $4.93/100g",Beverages,20805126001_EA
Zero Calorie Soda Cola,$7.99 ,$7.99 ,"6x335.0 ml, $0.40/100ml",Beverages,p/21106233_C06
Ginger Ale,$7.99 ,$7.99 ,"6x335.0 ml, $0.40/100ml",Beverages,p/21106231_C06
Pure Lemon Juice,$6.99 ,$6.99 ,"473 ml, $1.48/100ml",Beverages,/p/21204125_EA
"Kombucha, Raspberry Lemonade",$8.49 ,$8.49 ,"4x330.0 ml, $0.64/100ml",Beverages,p/21425921_C04
Ginger Root Beer,$7.99 ,$7.99 ,"6x335.0 ml, $0.40/100ml",Beverages,p/21106232_C06
Organic 100% Pure Apple Juice,$3.29 ,$3.29 ,"1 l, $0.33/100ml",Beverages,20312710002_EA
"Kombucha, Wild Berry",$8.49 ,$8.49 ,"4x330.0 ml, $0.64/100ml",Beverages,p/21428760_C04
Organic Pomegranate Cherry Fruit Juice Blend,$3.29 ,$3.29 ,"1 l, $0.33/100ml",Beverages,20312710005_EA
Ginger Lemon Kombucha,$8.49 ,$8.49 ,"4x330.0 ml, $0.64/100ml",Beverages,p/21425885_C04
"Organic Fairtrade Dark Roast Ground Coffee, Kick Ass",$13.99 ,$13.99 ,"284 g, $4.93/100g",Beverages,20805126003_EA
Zero Calorie Cream Soda ,$7.99 ,$7.99 ,"6x355.0 ml, $0.38/100ml",Beverages,p/21105196_C06
"Organic Fairtrade Medium Roast Whole Bean Coffee, Three Sisters",$17.99 ,$17.99 ,"454 g, $3.96/100g",Beverages,20322468006_EA
Kombucha Gingerade,$5.00 ,$5.00 ,"480 ml, $1.04/100ml",Beverages,/p/20374106_EA
"Organic Fairtrade Dark Roast Whole Bean Coffee, Kick Ass",$17.99 ,$17.99 ,"454 g, $3.96/100g",Beverages,20322468001_EA
Zero Sugar Soda Vanilla Cola,$7.99 ,$7.99 ,"6x355.0 ml, $0.38/100ml",Beverages,p/21544078_C06
Organic Lemonade Fruit Juice Boxes,$3.29 ,$3.29 ,"4x200.0 ml, $0.41/100ml",Beverages,20333714003_EA
"Organic Fairtrade Dark Roast Ground Coffee, Grizzly Claw",$13.99 ,$13.99 ,"284 g, $4.93/100g",Beverages,20805126002_EA
Organic Apple Grape Fruit Juice Blend,$3.29 ,$3.29 ,"1 l, $0.33/100ml",Beverages,20312710003_EA
"Organic Fairtrade Dark Roast Whole Bean Coffee, Grizzly Claw",$17.99 ,$17.99 ,"454 g, $3.96/100g",Beverages,20322468008_EA
Peach Kombucha,$8.49 ,$8.49 ,"4x330.0 ml, $0.64/100ml",Beverages,p/21425945_C04
Organic Strawberry Watermelon Juice Boxes,$3.29 ,$3.29 ,"4x200.0 ml, $0.41/100ml",Beverages,/p/21115326_EA
"Organic Fairtrade Medium Roast Ground Coffee, Smart Ass",$13.99 ,$13.99 ,"284 g, $4.93/100g",Beverages,/p/20982074_EA
Organic Lemonade Fruit Juice Blend,$3.29 ,$3.29 ,"1 l, $0.33/100ml",Beverages,20312710004_EA
Organic Cranberry,$10.99 ,$10.99 ,"946 ml, $1.16/100ml",Beverages,/p/20956951_EA
Zero Calorie Soda Grape,$7.99 ,$7.99 ,"6x355.0 ml, $0.38/100ml",Beverages,p/21105195_C06
Zero Sugar Soda Cherry Cola,$7.99 ,$7.99 ,"6x355.0 ml, $0.38/100ml",Beverages,p/21544076_C06
Ginger Beer ,$7.49 ,$7.49 ,"4x200.0 ml, $0.94/100ml",Beverages,p/20814988_C04
"Organic Fairtrade Dark Roast Whole Bean Coffee, Decaf",$17.99 ,$17.99 ,"454 g, $3.96/100g",Beverages,20322468002_EA
"GTs Classic Synergy Organic & Raw, Divine Grape",$5.00 ,$5.00 ,"480 ml, $1.04/100ml",Beverages,20906034003_EA
Organic Pomegranate Cherry Fruit Juice Boxes,$3.29 ,$3.29 ,"4x200.0 ml, $0.41/100ml",Beverages,20333714005_EA
Electrolyte Infusions Mango Clementine,$3.49 ,$3.49 ,"532 ml, $0.66/100ml",Beverages,/p/21106394_EA
"Organic Fairtrade Dark Roast Ground Coffee, 454 Horse Power",$13.99 ,$13.99 ,"284 g, $4.93/100g",Beverages,20805126004_EA
"Soda, Dr. Zevia",$7.99 ,$7.99 ,"6x355.0 ml, $0.38/100ml",Beverages,p/21407286_C06
Organic Mango Pineapple Fruit Juice Boxes,$3.29 ,$3.29 ,"4x200.0 ml, $0.41/100ml",Beverages,/p/21115308_EA
"GTs Classic Synergy Organic & Raw, Trilogy",$5.00 ,$5.00 ,"480 ml, $1.04/100ml",Beverages,20906034001_EA
Unsweetened Original Organic Fortified Gluten-Free Oat Beverage,$3.29 ,$3.29 ,"946 ml, $0.35/100ml",Beverages,/p/21416328_EA
Peppermint Organic Wrapped Tea Bags,$5.49 ,$5.49 ,"16 ea, $0.34/1ea",Beverages,/p/21397740_EA
Whole Bean Coffee Blue Heron Medium Dark Roast ,$26.99 ,$26.99 ,"908 g, $2.97/100g",Beverages,/p/21337459_EA
Organic Pure Aloe,$12.49 ,$12.49 ,"946 ml, $1.32/100ml",Beverages,/p/21178162_EA
100% Pure Lime Juice,$6.99 ,$6.99 ,"473 ml, $1.48/100ml",Beverages,/p/21206057_EA
Chamomile Passionflower Stress Relief ,$6.49 ,$6.49 ,"29 g, $22.38/100g",Beverages,/p/21400132_EA
Chai Rooibos,$6.49 ,$6.49 ,"16 ea, $0.41/1ea",Beverages,20317306005_EA
Nettle Leaf Organic Wrapped Tea Bags,$5.49 ,$5.49 ,"16 ea, $0.34/1ea",Beverages,/p/21398150_EA
Whole Bean Coffee Blue Heron Medium Dark Roast ,$26.99 ,$26.99 ,"908 g, $2.97/100g",Beverages,/p/21337459_EA
Organic Pure Aloe,$12.49 ,$12.49 ,"946 ml, $1.32/100ml",Beverages,/p/21178162_EA
Dark Roast Whole Bean Coffee  ,$21.99 ,$21.99 ,"907 g, $2.42/100g",Beverages,/p/21405562_EA
"Coffee, Sumatra",$16.49 ,$16.49 ,"400 g, $4.12/100g",Beverages,20313949002_EA
100% Pure Lime Juice,$6.99 ,$6.99 ,"473 ml, $1.48/100ml",Beverages,/p/21206057_EA
Chamomile Passionflower Stress Relief ,$6.49 ,$6.49 ,"29 g, $22.38/100g",Beverages,/p/21400132_EA
Chai Rooibos,$6.49 ,$6.49 ,"16 ea, $0.41/1ea",Beverages,20317306005_EA
Breathe Easy Eucalyptus Mint Wrapped Tea Bags,$5.49 ,$5.49 ,"24 g, $22.87/100g",Beverages,/p/21397718_EA
Throat Coat Original With Slippery Elm Organic Wrapped Tea Bags,$5.49 ,$5.49 ,"32 g, $17.16/100g",Beverages,/p/21397723_EA
Water Bb Hibiscus Org   ,$9.99 ,$9.99 ,"500 ml, $2.00/100ml",Beverages,/p/21181480_EA
Smooth Move Senna Peppermint Organic Wrapped Tea Bags,$5.49 ,$5.49 ,"16 ea, $0.34/1ea",Beverages,/p/21398068_EA
Licorice Root Organic Wrapped Tea Bags,$5.49 ,$5.49 ,"16 ea, $0.34/1ea",Beverages,/p/21398158_EA
Green Tea Kombucha,$6.49 ,$6.49 ,"32 g, $20.28/100g",Beverages,20309377004_EA
Mushroom Herbal Tea Chaga Ashwagandha Organic,$9.99 ,$9.99 ,"10 ea, $1.00/1ea",Beverages,/p/21490675_EA
Organic Japanese Matcha Green Tea Powder,$26.99 ,$26.99 ,"250 g, $10.80/100g",Beverages,/p/21365909_EA
"Organic Tea, Gunpowder Green",$8.99 ,$8.99 ,"18 ea, $0.50/1ea",Beverages,/p/21314256_EA
Pure Cranberry 100% Juice,$12.49 ,$12.49 ,"946 ml, $1.32/100ml",Beverages,/p/21178156_EA
Organic Sparkling Water Kefir - Watermelon Mint Tulsi,$3.99 ,$3.99 ,"473 ml, $0.84/100ml",Beverages,/p/21377648_EA
Strawberry Lemonade Kombucha,$5.00 ,$5.00 ,"480 ml, $1.04/100ml",Beverages,/p/21395757_EA
Organic Kombucha Golden Pineapple,$5.00 ,$5.00 ,"480 ml, $1.04/100ml",Beverages,/p/21395760_EA
"Alkaline Spring Water, Organic Cucumber and Mint",$9.99 ,$9.99 ,"6x500.0 ml, $0.33/100ml",Beverages,p/21157064_C06
Organic Fit Strawberry Watermelon Juice Blend,$3.49 ,$3.49 ,"1 l, $0.35/100ml",Beverages,/p/21313187_EA
Organic Blueberry Matcha Kombucha,$3.99 ,$3.99 ,"473 ml, $0.84/100ml",Beverages,/p/21391269_EA
Wrapped Tea Bags Ginger Organic,$5.49 ,$5.49 ,"16 ea, $0.34/1ea",Beverages,/p/21398591_EA
Wrapped Tea Bags Nighty Night Original With Passionflower Organic,$5.49 ,$5.49 ,"28 g, $19.61/100g",Beverages,/p/21397787_EA
Electrolyte Infusions Cucumber Watermelon,$3.49 ,$3.49 ,"532 ml, $0.66/100ml",Beverages,/p/21106395_EA
Medium Roast Ground Coffee,$9.99 ,$9.99 ,"250 g, $4.00/100g",Beverages,/p/21405540_EA
Master Brew Kombucha Organic Live Cultures Pineapple Peach,$4.49 ,$4.49 ,"450 ml, $1.00/100ml",Beverages,/p/21116164_EA
Peppermint Herbal Tea,$4.49 ,$4.49 ,"1 ea, $4.49/1ea",Beverages,/p/21411124_EA
Whole Bean Coffee French Roast Darkest Roast,$26.99 ,$26.99 ,"908 g, $2.97/100g",Beverages,/p/21337462_EA
One Ground Breakfast Blend Coffee,$10.99 ,$10.99 ,"132 g, $8.33/100g",Beverages,20807613001_EA
Just Pomegranate Juice,$10.99 ,$10.99 ,"946 ml, $1.16/100ml",Beverages,/p/21067368_EA
"Organic Fairtrade Medium Roast Whole Bean Coffee, Z-Wrangler",$17.99 ,$17.99 ,"454 g, $3.96/100g",Beverages,20322468007_EA
Lemongrass Organic Green Tea,$5.49 ,$5.49 ,"16 ea, $0.34/1ea",Beverages,/p/21398088_EA
Organic Herbal Teasan Elderberry Ally,$8.99 ,$8.99 ,"16 ea, $0.56/1ea",Beverages,/p/21500190_EA
Echinacea Plus Elderberry Organic Wrapped Tea Bags,$5.49 ,$5.49 ,"16 ea, $0.34/1ea",Beverages,/p/21398164_EA
Matcha Green Tea Powder Organic Ceremonial Grade,$33.99 ,$33.99 ,"30 g, $113.30/100g",Beverages,/p/21315578_EA
Organic Black Aged Earl Grey Tea,$8.99 ,$8.99 ,"18 ea, $0.50/1ea",Beverages,/p/21314831_EA
"Organic Fairtrade Dark Roast Whole Bean Coffee, 454 Horse Power",$17.99 ,$17.99 ,"454 g, $3.96/100g",Beverages,20322468009_EA
Organic 100% Juice Blend Cold Pressed Beet,$12.49 ,$12.49 ,"946 ml, $1.32/100ml",Beverages,/p/21182007_EA
Green Tea With Toasted Rice Matcha Organic,$5.49 ,$5.49 ,"16 ea, $0.34/1ea",Beverages,/p/21449445_EA
Spearmint Organic Wrapped Tea Bags,$5.49 ,$5.49 ,"16 ea, $0.34/1ea",Beverages,/p/21398063_EA
Nighty Night Extra Valerian Organic Wrapped Tea Bags,$5.49 ,$5.49 ,"24 g, $22.87/100g",Beverages,/p/21397437_EA
Tonic Water ,$7.49 ,$7.49 ,"4x200.0 ml, $0.94/100ml",Beverages,0339652002_C04
Feel New tea,$9.99 ,$9.99 ,"20 ea, $0.50/1ea",Beverages,/p/21240864_EA
Organic Lemonade,$3.50 ,$3.50 ,"946 ml, $0.37/100ml",Beverages,/p/20936902_EA
Ginger Turmeric Herbal Tea,$4.49 ,$4.49 ,"1 ea, $4.49/1ea",Beverages,/p/21411145_EA
"Green Tea Blend, Honey & Ginger",$4.49 ,$4.49 ,"1 ea, $4.49/1ea",Beverages,/p/21411105_EA
Everyday Detox Lemon Organic Wrapped Tea Bags,$5.49 ,$5.49 ,"16 ea, $0.34/1ea",Beverages,/p/21397790_EA
Roasted Dandelion Root Organic Wrapped Tea Bags,$5.49 ,$5.49 ,"16 ea, $0.34/1ea",Beverages,/p/21397739_EA
Organic Ginger & Turmeric Herbal Tea,$5.00 ,$5.00 ,"18 ea, $0.28/1ea",Beverages,/p/21106834_EA
"Body Balance Dieter Tea, Lemon Flavour",$8.99 ,$8.99 ,"30 ea, $0.30/1ea",Beverages,20296329002_EA
Herbal Teasan Moroccan Mint Organic,$8.99 ,$8.99 ,"18 ea, $0.50/1ea",Beverages,/p/21314261_EA
Mother'S Milk Original With Fennel & Fenugreek Organic Wrapped Tea Bags,$5.49 ,$5.49 ,"16 ea, $0.34/1ea",Beverages,/p/21398160_EA
Organic Tart Cherry 100% Juice Blend,$7.99 ,$7.99 ,"946 ml, $0.84/100ml",Beverages,/p/21182021_EA
Organic Juice Pure Prune,$12.49 ,$12.49 ,"946 ml, $1.32/100ml",Beverages,/p/21191880_EA
Organic Raspberry Hibiscus Kombucha,$3.99 ,$3.99 ,"473 ml, $0.84/100ml",Beverages,/p/21182850_EA
"Drink, Blueberry, Acai, Orange",$3.49 ,$3.49 ,"532 ml, $0.66/100ml",Beverages,/p/21160578_EA
Organic Watermelon Lemonade,$3.50 ,$3.50 ,"946 ml, $0.37/100ml",Beverages,/p/21022888_EA
Organic Ginger Kombucha,$3.99 ,$3.99 ,"473 ml, $0.84/100ml",Beverages,/p/21180527_EA
"Juice, Black Cherry",$10.99 ,$10.99 ,"946 ml, $1.16/100ml",Beverages,/p/21157763_EA
Organic Just Grapefruit Juice,$10.99 ,$10.99 ,"946 ml, $1.16/100ml",Beverages,/p/21390237_EA
"Coffee, Decaf Dark Peru",$16.49 ,$16.49 ,"400 g, $4.12/100g",Beverages,/p/20219992_EA
Organic Lemonade,$3.99 ,$3.99 ,"946 ml, $0.42/100ml",Beverages,20021906001_EA
"Organic Fairtrade Light Roast Whole Bean Coffee, Hola",$17.99 ,$17.99 ,"454 g, $3.96/100g",Beverages,/p/20982002_EA
Organics Espresso Whole Bean Coffee,$14.99 ,$14.99 ,"454 g, $3.30/100g",Beverages,/p/21479695_EA
Kids Juice Drink from Concentrate Fruit Punch Organic,$4.49 ,$4.49 ,"5x200.0 ml, $0.45/100ml",Beverages,/p/21109330_EA
Kids Juice Drink from Concentrate Berry Lemonade Organic,$4.49 ,$4.49 ,"5x200.0 ml, $0.45/100ml",Beverages,/p/21111379_EA
Columbian Coffee,$10.99 ,$10.99 ,"132 g, $8.33/100g",Beverages,20807613002_EA
"Organic Fairtrade Dark Roast Whole Bean Coffee, Half Ass",$17.99 ,$17.99 ,"454 g, $3.96/100g",Beverages,/p/20616063_EA
Organic Herbal Teasan Echinacea Ally,$8.99 ,$8.99 ,"1 ea, $8.99/1ea",Beverages,/p/21500186_EA
Raspberry Leaf Organic Wrapped Tea Bags,$5.49 ,$5.49 ,"16 ea, $0.34/1ea",Beverages,/p/21397454_EA
Calming,$6.49 ,$6.49 ,"1 ea, $6.49/1ea",Beverages,20693913002_EA
Latte Powder Superfood Latte Salted Caramel,$12.99 ,$12.99 ,"8x4.0 g, $40.59/100g",Beverages,p/21537618_C08
Hibiscus Organic Wrapped Tea Bags,$5.49 ,$5.49 ,"16 ea, $0.34/1ea",Beverages,/p/21398066_EA
"Barista Oat For Coffee, Dairy Free, Shelf Stable",$5.99 ,$5.99 ,"946 ml, $0.63/100ml",Beverages,/p/21357599_EA
Organic Apple Juice from Concentrate Unsweetened,$3.50 ,$3.50 ,"1.36 l, $0.26/100ml",Beverages,/p/21209313_EA
Lemon Cayenne,$4.49 ,$4.49 ,"450 ml, $1.00/100ml",Beverages,/p/21116143_EA
"Lemon, Ginger & Manuka Honey tea",$9.99 ,$9.99 ,"20 ea, $0.50/1ea",Beverages,/p/21241285_EA
Wrapped Tea Bags Reishi Mushroom With Rooibos & Orange Peel Organic,$5.49 ,$5.49 ,"16 ea, $0.34/1ea",Beverages,/p/21449444_EA
Ginger,$6.49 ,$6.49 ,"32 g, $20.28/100g",Beverages,20309377003_EA
Wrapped Tea Bags Lemon Ginger Organic,$5.49 ,$5.49 ,"16 ea, $0.34/1ea",Beverages,/p/21532754_EA
"Organic Peach + Blueberry Flavoured Alkaline Spring Water, 6 Packs",$9.99 ,$9.99 ,"6x500.0 ml, $0.33/100ml",Beverages,p/21390458_C06
Lemon Ginger,$6.49 ,$6.49 ,"16 ea, $40.56/100ea",Beverages,20309377001_EA
Instant Chicken Bone Broth Naked,$9.49 ,$9.49 ,"16 g, $59.31/100g",Beverages,/p/21400321_EA
Kids Juice Drink from Concentrate Apple Organic,$4.49 ,$4.49 ,"5x200.0 ml, $0.45/100ml",Beverages,/p/21109335_EA
Coconut Water,$22.99 ,$22.99 ,"12x330.0 ml, $0.58/100ml",Beverages,p/21315540_C12
Synergy Guava Goddess Kombucha Drink  ,$5.00 ,$5.00 ,"480 ml, $1.04/100ml",Beverages,/p/21121629_EA
Dark Roast Whole Bean Coffee  ,$14.49 ,$14.49 ,"454 g, $3.19/100g",Beverages,/p/21405559_EA
Energy Zero Calorie Raspberry/Lime,$3.29 ,$3.29 ,"355 ml, $0.93/100ml",Beverages,/p/21182003_EA
Medium Roast Whole Bean Coffee  ,$14.99 ,$14.99 ,"454 g, $3.30/100g",Beverages,/p/21405551_EA
Whole Bean Coffee Metta Espresso Medium Dark Roast,$16.49 ,$16.49 ,"400 g, $4.12/100g",Beverages,20313949005_EA
Notmilk Fortified Plant-Based Beverage Whole,$4.99 ,$4.99 ,"946 ml, $0.53/100ml",Beverages,/p/21493898_EA
"Cleanse Organic Herbal Tea with Nettle Leaf, Fennel & Peppermint",$9.99 ,$9.99 ,"20 ea, $0.50/1ea",Beverages,/p/21240804_EA
Juice Wild Blueberry Organic,$14.99 ,$14.99 ,"946 ml, $1.58/100ml",Beverages,/p/21108164_EA
Juice Wild Blueberry Organic,$14.99 ,$14.99 ,"946 ml, $1.58/100ml",Beverages,/p/21108164_EA
Stress Soother Cinnamon Organic Wrapped Tea Bags,$5.49 ,$5.49 ,"24 g, $22.87/100g",Beverages,/p/21397477_EA
Restful Sleep,$6.49 ,$6.49 ,"1 ea, $6.49/1ea",Beverages,20693913003_EA
Organic Jasmine Green Tea 18 Tea Bags,$5.00 ,$5.00 ,"18 ea, $0.28/1ea",Beverages,/p/21167522_EA
Herbal Teasan Fennel Peppermint Ginger With Cinnamon & Licorice,$8.99 ,$8.99 ,"1 ea, $8.99/1ea",Beverages,/p/21500191_EA
Organic Pure Green Tea,$5.00 ,$5.00 ,"18 ea, $0.28/1ea",Beverages,/p/21106561_EA
"Three Ginger, Organic Herbal Tea",$9.99 ,$9.99 ,"20 ea, $0.50/1ea",Beverages,/p/21241002_EA
Cup Of Calm Lavender Mint Organic Wrapped Tea Bags,$5.49 ,$5.49 ,"24 g, $22.87/100g",Beverages,/p/21397478_EA
Organic Herbal Teasan Sweet Slumber,$8.99 ,$8.99 ,"16 ea, $0.56/1ea",Beverages,/p/21500182_EA
Green Tea Jasmine Green 18 Tea Bags ,$8.99 ,$8.99 ,"18 ea, $0.50/1ea",Beverages,/p/21314358_EA
Chai,$4.49 ,$4.49 ,"40 g, $11.23/100g",Beverages,/p/21411111_EA
Organic Pure Lime Juice,$5.49 ,$5.49 ,"370 ml, $1.48/100ml",Beverages,/p/20030112_EA
Raspberry And Vanilla,$8.99 ,$9.99 ,"1 l, $0.90/100ml",Beverages,/p/21383951_EA
Medium Dark Roast Single Serve Coffee Pods,$8.99 ,$8.99 ,"136 g, $6.61/100g",Beverages,/p/21036469_EA
PC® Organics Swiss Water® Process Decaffeinated Medium Dark Roast Ground Coffee,$9.99 ,$9.99 ,"250 g, $4.00/100g",Beverages,/p/21405543_EA
Black Cherry,$7.99 ,$7.99 ,"6x355.0 ml, $0.38/100ml",Beverages,p/21105194_C06
Ginger Beer,$8.49 ,$8.49 ,"4x330.0 ml, $0.64/100ml",Beverages,p/21436627_C04
Organic Fit Mango Pineapple Fruit Juice Blend,$3.49 ,$3.49 ,"1 l, $0.35/100ml",Beverages,/p/21313185_EA
Organic Pure Tart Cherry Juice,$12.49 ,$12.49 ,"946 ml, $1.32/100ml",Beverages,/p/21178151_EA
"Organic Fairtrade Medium Roast Whole Bean Coffee, Pacific Pipeline",$17.99 ,$17.99 ,"454 g, $3.96/100g",Beverages,/p/21183799_EA
"Coffee, Blue Heron",$16.49 ,$16.49 ,"400 g, $4.12/100g",Beverages,20313949001_EA
"Organic Herbal Tea with Oat Flower, Licorice Root & Valerian",$9.99 ,$9.99 ,"20 ea, $0.50/1ea",Beverages,/p/21241189_EA
Organic Mango Lemonade,$3.50 ,$3.50 ,"946 ml, $0.37/100ml",Beverages,/p/21022975_EA
Organic Sparkling Water Kefir - Pear Ginger Chamomile,$3.99 ,$3.99 ,"473 ml, $0.84/100ml",Beverages,/p/21377641_EA
Chamomile & Lavender Organic Wrapped Tea Bags,$5.49 ,$5.49 ,"16 ea, $0.34/1ea",Beverages,/p/21397443_EA
Dark Roast Ground Coffee,$9.99 ,$9.99 ,"250 g, $4.00/100g",Beverages,/p/21405547_EA
Pure Black Cherry 100% Juice,$12.49 ,$12.49 ,"946 ml, $1.32/100ml",Beverages,/p/21191230_EA
Organics Dark Roast Single Serve Coffee Pods,$8.99 ,$8.99 ,"12 ea, $0.75/1ea",Beverages,/p/21029930_EA
Dark Roast Single Serve Coffee Pods,$22.99 ,$22.99 ,"330 g, $6.97/100g",Beverages,/p/21037646_EA
"Elderberry & Echinacea, Organic Herbal Fruit Tea",$9.99 ,$9.99 ,"20 ea, $0.50/1ea",Beverages,/p/21241190_EA
Herbal Teasan Rooibos Organic,$8.99 ,$8.99 ,"18 ea, $0.50/1ea",Beverages,/p/21314350_EA
Organic Rooibos Chai Tea,$8.99 ,$8.99 ,"18 ea, $0.50/1ea",Beverages,/p/21314828_EA
Orange,$7.99 ,$7.99 ,"6x355.0 ml, $0.38/100ml",Beverages,p/21106104_C06
Beetroot Juice,$7.49 ,$7.49 ,"500 ml, $1.50/100ml",Beverages,20304982001_EA
Mushroom Herbal Tea Lion's Mane Rhodiola,$9.99 ,$9.99 ,"10 ea, $1.00/1ea",Beverages,/p/21490690_EA
Juice Cranberry Organic,$11.99 ,$11.99 ,"946 ml, $1.27/100ml",Beverages,/p/21108167_EA
Pure Juice Nordic Cranberry,$9.49 ,$9.49 ,"1 l, $0.95/100ml",Beverages,/p/21108268_EA
Organic Herbal Tea Cinnamon & Cardamom,$5.00 ,$5.00 ,"18 ea, $0.28/1ea",Beverages,/p/21167509_EA
"Organic Spring Water, Strawberry and Rose",$9.99 ,$9.99 ,"6x500.0 ml, $0.33/100ml",Beverages,p/21157080_C06
Miylk10 Chickpea & Flaxseed Beverage Unsweetened Cinnamon / Vanilla Flavour,$5.29 ,$5.29 ,"946 ml, $0.56/100ml",Beverages,/p/21201137_EA
Oat Beverage Barista Blend,$6.49 ,$6.49 ,"947 ml, $0.69/100ml",Beverages,/p/21497646_EA
Notmilk Fortified Plant-Based Beverage Chocolate,$4.99 ,$4.99 ,"946 ml, $0.53/100ml",Beverages,/p/21493912_EA
Swiss Water® Process Decaffeinated Medium Dark Roast Single Serve Coffee Pods,$8.99 ,$8.99 ,"12 ea, $0.75/1ea",Beverages,/p/21030336_EA
"Organic Fairtrade Medium Roast Whole Bean Coffee, Hoodoo Jo",$17.99 ,$17.99 ,"454 g, $3.96/100g",Beverages,/p/21183793_EA
Ginger Organic Green Tea,$5.49 ,$5.49 ,"16 ea, $0.34/1ea",Beverages,/p/21398071_EA
"Three Mint, Organic Herbal Tea with Peppermint, Spearmint & Field Mint",$9.99 ,$9.99 ,"20 ea, $0.50/1ea",Beverages,/p/21240829_EA
Turmeric With Meadowsweet & Ginger Organic Wrapped Tea Bags,$5.49 ,$5.49 ,"32 g, $17.16/100g",Beverages,/p/21397474_EA
Organic Pineapple 100% Fruit Juice & Puree,$12.49 ,$12.49 ,"946 ml, $1.32/100ml",Beverages,/p/21177239_EA
Green Tea,$4.49 ,$4.49 ,"1 ea, $4.49/1ea",Beverages,/p/21411143_EA
Organic Just Tart Cherry Juice,$9.49 ,$9.49 ,"946 ml, $1.00/100ml",Beverages,/p/21068347_EA
Lemon Balm Organic Wrapped Tea Bags,$5.49 ,$5.49 ,"16 ea, $0.34/1ea",Beverages,/p/21398152_EA
Sparkling Fermented Drink Turmeric Ginger 450 ml,$4.49 ,$4.49 ,"450 ml, $1.00/100ml",Beverages,/p/21116157_EA
Raspberry & Vanilla,$4.49 ,$4.49 ,"414 ml, $1.08/100ml",Beverages,/p/21295058_EA
Organic Sparkling Water Kefir - Strawberry Coconut,$3.99 ,$3.99 ,"473 ml, $0.84/100ml",Beverages,/p/21377650_EA
"Kombucha, Ginger",$4.49 ,$4.49 ,"450 ml, $1.00/100ml",Beverages,/p/21116116_EA
Ginger Aid Organic Wrapped Tea Bags,$5.49 ,$5.49 ,"16 ea, $0.34/1ea",Beverages,/p/21397446_EA
Peach Pear Sparkling Water,$6.29 ,$6.29 ,"8x355.0 ml, $0.22/100ml",Beverages,p/20951154_C08
Organic Pineapple Spirulina Kombucha,$3.99 ,$3.99 ,"473 ml, $0.84/100ml",Beverages,/p/21391481_EA
Chamomile Organic Wrapped Tea Bags,$5.49 ,$5.49 ,"16 ea, $0.34/1ea",Beverages,/p/21398618_EA
"Organic Fairtrade Light Roast Ground Coffee, Hola",$13.99 ,$13.99 ,"284 g, $4.93/100g",Beverages,/p/20982015_EA
Organics Medium Roast Whole Bean Coffee,$21.99 ,$21.99 ,"907 g, $2.42/100g",Beverages,/p/21478111_EA
Organic Just Cranberry Juice,$11.99 ,$11.99 ,"946 ml, $1.27/100ml",Beverages,/p/21068343_EA
Pure Cranberry Juice,$9.99 ,$9.99 ,"1 l, $1.00/100ml",Beverages,/p/20886693_EA
"Organic Fairtrade Medium Roast Whole Bean Coffee, Smart Ass",$17.99 ,$17.99 ,"454 g, $3.96/100g",Beverages,/p/20810001_EA
"Organic Fairtrade Medium Roast Whole Bean Coffee, Cliff Hanger Espresso",$17.99 ,$17.99 ,"454 g, $3.96/100g",Beverages,20322468003_EA
"Coffee, French Roast",$16.49 ,$16.49 ,"400 g, $4.12/100g",Beverages,20313949004_EA
Green Tea Sachets Supreme Matcha Green Organic,$9.99 ,$9.99 ,"20 ea, $0.50/1ea",Beverages,/p/21241331_EA
Instant Chicken Bone Broth Thai Coconut,$9.49 ,$9.49 ,"16 g, $59.31/100g",Beverages,/p/21400291_EA
Chamomile Herbal Tea,$4.49 ,$4.49 ,"1 ea, $4.49/1ea",Beverages,/p/21410942_EA
Organic Chamomile & Lavender Herbal Tea,$5.00 ,$5.00 ,"18 ea, $0.28/1ea",Beverages,/p/21106377_EA
Instant Chicken Bone Broth Lemon Ginger,$9.49 ,$9.49 ,"16 g, $59.31/100g",Beverages,/p/21400280_EA
Just Cranberry Juice,$10.99 ,$10.99 ,"946 ml, $1.16/100ml",Beverages,/p/21068342_EA
Non-Dairy Beverage Organic Coconut Original,$4.49 ,$4.49 ,"1 l, $0.45/100ml",Beverages,/p/21405926_EA
Latte Powder Superfood Latte Reishi Hot Cacao,$12.99 ,$12.99 ,"8x4.0 g, $40.59/100g",Beverages,p/21537616_C08
Throat Coat Lemon Echinacea Organic Wrapped Tea Bags,$5.49 ,$5.49 ,"32 g, $17.16/100g",Beverages,/p/21397713_EA
Electrolyte Infusions Strawberry Coconut,$3.49 ,$3.49 ,"532 ml, $0.66/100ml",Beverages,/p/21106397_EA
Organic Mango Turmeric Kombucha,$3.99 ,$3.99 ,"473 ml, $0.84/100ml",Beverages,/p/21391274_EA
Medium Roast Single Serve Coffee Pods,$8.99 ,$8.99 ,"12 ea, $0.75/1ea",Beverages,/p/21029933_EA
Fresh Ginger,$8.99 ,$9.99 ,"1 l, $0.90/100ml",Beverages,/p/21093253_EA
Smooth Move Original With Senna Organic Wrapped Tea Bags,$5.49 ,$5.49 ,"16 ea, $0.34/1ea",Beverages,/p/21397464_EA
Mango & Papaya,$4.49 ,$4.49 ,"414 ml, $1.08/100ml",Beverages,/p/21295048_EA
Deluxe Mixed Nuts with Sea Salt,$26.49 ,$26.49 ,"1.13 kg, $2.34/100g",Baking,/p/20284474_EA
Rolled Oats,$8.99 ,$8.99 ,"907 g, $0.99/100g",Baking,/p/21127426_EA
"Nutritional Yeast, Large Flake",$6.49 ,$6.49 ,"142 g, $4.57/100g",Baking,/p/21411836_EA
"Organic All-Purpose Flour, Unbleached",$8.99 ,$8.99 ,"2.5 kg, $0.36/100g",Baking,/p/20069335_EA
"Chocolate Mini Chips, Semi-Sweet",$6.49 ,$6.49 ,"283 g, $2.29/100g",Baking,20099034001_EA
Organic Milled Flaxseed,$5.79 ,$5.79 ,"400 g, $1.45/100g",Baking,/p/20332328_EA
Nutritional Yeast Large Flake,$8.99 ,$8.99 ,"142 g, $6.33/100g",Baking,/p/21370054_EA
Gluten Free All Purpose Flour,$7.99 ,$7.99 ,"800 g, $1.00/100g",Baking,/p/20809079_EA
Organic Granulated Sugar,$5.99 ,$5.99 ,"900 g, $0.67/100g",Baking,/p/21123891_EA
Gluten Free Pancake Mix,$5.49 ,$5.49 ,"400 g, $1.37/100g",Baking,/p/20796973_EA
Organic Chia Seeds,$6.99 ,$6.99 ,"250 g, $2.80/100g",Baking,/p/20983856_EA
Milled Golden Roasted Flax Seed  ,$5.99 ,$5.99 ,"425 g, $1.41/100g",Baking,/p/21128308_EA
Organic Milled Black Chia Seeds,$4.29 ,$4.29 ,"150 g, $2.86/100g",Baking,/p/21030053_EA
Organic Pumpkin Seeds,$4.69 ,$4.69 ,"185 g, $2.54/100g",Baking,/p/20985774_EA
Hemp Hearts,$7.49 ,$7.49 ,"227 g, $3.30/100g",Baking,/p/20822185_EA
1 To 1 Gluten Free  Baking Flour,$13.99 ,$13.99 ,"1240 g, $1.13/100g",Baking,/p/21416634_EA
Organic Black Chia Seed,$7.99 ,$7.99 ,"300 g, $2.66/100g",Baking,/p/20901530_EA
Hemp Hearts Raw Shelled Hemp Seeds,$6.99 ,$6.99 ,"227 g, $3.08/100g",Baking,/p/20972808_EA
Gluten Free Pancake Mix,$7.29 ,$7.29 ,"680 g, $1.07/100g",Baking,/p/21393989_EA
Organic Black Chia Seed,$16.99 ,$16.99 ,"907 g, $1.87/100g",Baking,/p/20984945_EA
"Hemp Hearts, Club Pack",$19.99 ,$19.99 ,"800 g, $2.50/100g",Baking,/p/20972806_EA
Semi Sweet Chocolate Chips,$8.99 ,$8.99 ,"285 g, $3.15/100g",Baking,/p/20721016_EA
Organic Whole Black Chia Seeds,$8.49 ,$8.49 ,"300 g, $2.83/100g",Baking,20845806002_EA
"Dry-Roasted Pumpkin Seeds, Salted",$4.79 ,$4.79 ,"200 g, $2.40/100g",Baking,/p/21517410_EA
Organic Jumbo Raisins Canister,$7.49 ,$7.49 ,"425 g, $1.76/100g",Baking,/p/21163289_EA
Organic Dried Mango,$7.29 ,$7.29 ,"150 g, $4.86/100g",Baking,/p/21195403_EA
Baking Flour,$8.49 ,$8.49 ,"624 g, $1.36/100g",Baking,/p/21127335_EA
Organic Raw Brazil Nuts,$6.99 ,$6.99 ,"185 g, $3.78/100g",Baking,/p/21306368_EA
Organic Coconut Sugar,$5.99 ,$5.99 ,"454 g, $1.32/100g",Baking,/p/21093240_EA
Organic Whole Flaxseed,$5.79 ,$5.79 ,"454 g, $1.28/100g",Baking,/p/20330885_EA
"Chocolate Mega Chunks, Semi-Sweet",$6.49 ,$6.49 ,"283 g, $2.29/100g",Baking,20099034002_EA
Organic Cocoa Powder,$6.99 ,$6.99 ,"224 g, $3.12/100g",Baking,/p/21062022_EA
"Cherries, Cranberries & Dark Chocolate Trail Mix",$6.29 ,$6.29 ,"150 g, $4.19/100g",Baking,/p/21474727_EA
"Organic Flour, Whole Wheat",$8.99 ,$8.99 ,"2.5 kg, $0.36/100g",Baking,/p/20303111_EA
Original Pancake Mix,$6.49 ,$6.49 ,"900 g, $0.72/100g",Baking,/p/20898499_EA
Organic Agave Syrup,$8.99 ,$8.99 ,"480 ml, $1.87/100ml",Baking,/p/20901436_EA
Fine Grind Almond Flour ,$18.99 ,$18.99 ,"1 kg, $1.90/100g",Baking,/p/21411825_EA
Organic Dried Apricots,$6.49 ,$6.49 ,"250 g, $2.60/100g",Baking,/p/21195388_EA
All-Purpose Baking Flour Gluten Free,$7.49 ,$7.49 ,"624 g, $1.20/100g",Baking,/p/21127324_EA
Flour Tapioca,$5.99 ,$5.99 ,"454 g, $1.32/100g",Baking,/p/21127433_EA
Organic Coconut Smiles,$3.49 ,$3.49 ,"125 g, $2.79/100g",Baking,/p/21027380_EA
Gourmet All Natural Sea Salt,$11.99 ,$11.99 ,"737 g, $1.63/100g",Baking,/p/20010681_EA
Organic Unsweetened Shredded Coconut,$4.49 ,$4.49 ,"200 g, $2.25/100g",Baking,/p/20717366_EA
Whole Organic Raw Blue Agave Syrup,$10.99 ,$10.99 ,"480 ml, $2.29/100ml",Baking,20050776002_EA
Granular      ,$12.49 ,$12.49 ,"340 g, $3.67/100g",Baking,/p/21037358_EA
Organic Vanilla Extract,$10.99 ,$10.99 ,"59 ml, $18.63/100ml",Baking,/p/21402620_EA
Ground Ceylon Cinnamon,$11.49 ,$11.49 ,"59 g, $19.47/100g",Baking,/p/21045677_EA
Grain Free Blueberry Muffin Mix,$7.99 ,$7.99 ,"255 g, $3.13/100g",Baking,/p/21416665_EA
Cassava Flour Grain Free,$14.49 ,$14.49 ,"567 g, $2.56/100g",Baking,/p/21283592_EA
Flour Blends 60/40 Baker'S Blend Flour,$19.49 ,$19.49 ,"2 kg, $0.97/100g",Baking,/p/21477196_EA
Baking Chocolate 100% Unsweetened,$7.49 ,$7.49 ,"200 g, $3.75/100g",Baking,20320598001_EA
Coconut Flour Organic,$7.99 ,$7.99 ,"453 g, $1.76/100g",Baking,/p/21102089_EA
Organic Ground Nutmeg,$4.29 ,$4.29 ,"49 g, $8.76/100g",Baking,/p/21209137_EA
Organic Fair Trade Sugar,$6.99 ,$6.99 ,"907 g, $0.77/100g",Baking,/p/20899287_EA
Organic Coconut Palm Sugar,$6.99 ,$6.99 ,"454 g, $1.54/100g",Baking,/p/20600658_EA
Semi-Sweet Chocolate Chips,$7.99 ,$7.99 ,"225 g, $3.55/100g",Baking,/p/20168241_EA
Organic Cocoa Powder,$7.49 ,$7.49 ,"224 g, $3.34/100g",Baking,/p/20122567_EA
Steel Cut Oats Whole Grain Gluten Free,$8.49 ,$8.49 ,"680 g, $1.25/100g",Baking,/p/21127423_EA
Organic Cinnamon Ground,$4.29 ,$4.29 ,"35 g, $12.26/100g",Baking,/p/21209144_EA
Shelled Hemp Seeds and Whole Black Chia,$11.49 ,$11.49 ,"250 g, $4.60/100g",Baking,/p/21334691_EA
Almond Extract,$8.49 ,$8.49 ,"59 ml, $14.39/100ml",Baking,/p/21551304_EA
Sumsuma Sesame Squares,$4.99 ,$4.99 ,"150 g, $3.33/100g",Baking,/p/20867076_EA
Organic Oregano Leaf,$6.49 ,$6.49 ,"21 g, $30.90/100g",Baking,/p/21045654_EA
Rosemary,$8.99 ,$8.99 ,"35 g, $25.69/100g",Baking,/p/21529835_EA
Organic Oat Flakes,$8.29 ,$8.29 ,"1 kg, $0.83/100g",Baking,/p/20016104_EA
Textured Vegetable Protein,$5.49 ,$5.49 ,"340 g, $1.61/100g",Baking,/p/21389618_EA
Vanilla Extract,$14.99 ,$14.99 ,"59 ml, $25.41/100ml",Baking,/p/20156367_EA
"Gluten Free Cookie Mix, Chocolate Chip",$6.49 ,$6.49 ,"400 g, $1.62/100g",Baking,/p/20796454_EA
Gluten Free Chocolate Cake Mix,$6.49 ,$6.49 ,"400 g, $1.62/100g",Baking,20689979002_EA
Starch/Flour Arrowroot,$7.99 ,$7.99 ,"454 g, $1.76/100g",Baking,/p/21127436_EA
Organic Curry Powder Med,$4.29 ,$4.29 ,"47 g, $9.13/100g",Baking,/p/21209149_EA
"Seasoning, Zesty     ",$7.49 ,$7.49 ,"250 g, $3.00/100g",Baking,20317961002_EA
Almond Flour Super Fine,$17.99 ,$17.99 ,"453 g, $3.97/100g",Baking,/p/21102198_EA
Pancake Mix Chocolate,$13.49 ,$13.49 ,"400 g, $3.37/100g",Baking,/p/21527424_EA
Crushed Red Pepper,$5.99 ,$5.99 ,"45 g, $13.31/100g",Baking,/p/21045243_EA
Grain Free Brownie Mix,$7.99 ,$7.99 ,"340 g, $2.35/100g",Baking,/p/21433679_EA
Potato Starch Unmodified,$6.99 ,$6.99 ,"624 g, $1.12/100g",Baking,/p/21127432_EA
Organic Coconut Whipping Cream,$6.99 ,$6.99 ,"400 ml, $1.75/100ml",Baking,/p/21397517_EA
Bitter Sweet Chocolate Chip,$7.99 ,$7.99 ,"225 g, $3.55/100g",Baking,/p/20601349_EA
Organic Garlic Powder,$4.29 ,$4.29 ,"64 g, $6.70/100g",Baking,/p/21209151_EA
Buckwheat Grain,$7.49 ,$7.49 ,"454 g, $1.65/100g",Baking,/p/21389888_EA
Coconut Flour,$8.99 ,$8.99 ,"454 g, $1.98/100g",Baking,/p/20995946_EA
Whole Black Peppercorns,$8.99 ,$8.99 ,"75 g, $11.99/100g",Baking,/p/20602774_EA
Organic Oregano Leaves,$4.29 ,$4.29 ,"13 g, $33.00/100g",Baking,/p/21316008_EA
Golden Cane Sugar,$8.49 ,$8.49 ,"1 kg, $0.85/100g",Baking,/p/20901544_EA
Gluten Free Cornbread Mix,$4.99 ,$4.99 ,"567 g, $0.88/100g",Baking,/p/21389735_EA
Organic Goji Berries,$16.99 ,$16.99 ,"227 g, $7.48/100g",Baking,/p/20730631_EA
Cacao Nibs,$11.49 ,$11.49 ,"227 g, $5.06/100g",Baking,/p/20430044_EA
Ground Black Chia + Probiotics,$8.49 ,$8.49 ,"200 g, $4.25/100g",Baking,/p/20923733_EA
Brown Rice Flour,$4.29 ,$4.29 ,"454 g, $0.94/100g",Baking,/p/21411831_EA
Gluten Free Pizza Crust Mix,$5.49 ,$5.49 ,"454 g, $1.21/100g",Baking,/p/21389786_EA
Lemon Flavour,$8.49 ,$8.49 ,"59 ml, $14.39/100ml",Baking,/p/21552528_EA
Organic Chocolat Chips Bittersweet,$26.99 ,$26.99 ,"1 kg, $2.70/100g",Baking,/p/21315709_EA
Organic Smoked Paprika,$4.29 ,$4.29 ,"52 g, $8.25/100g",Baking,/p/21209095_EA
Madagascar Vanilla Extract,$14.99 ,$14.99 ,"59 ml, $25.41/100ml",Baking,/p/20902101_EA
Organic Chili Powder,$4.29 ,$4.29 ,"57 g, $7.53/100g",Baking,/p/21209125_EA
Organics Sliced Almonds,$9.29 ,$9.29 ,"200 g, $4.65/100g",Baking,/p/21517435_EA
"ProactivChia, Whole Black",$8.49 ,$8.49 ,"284 g, $2.99/100g",Baking,/p/20923271_EA
Egg Replacer ,$6.49 ,$6.49 ,"340 g, $1.91/100g",Baking,/p/21416662_EA
Baking Mix,$14.99 ,$14.99 ,"283 g, $5.30/100g",Baking,/p/21527999_EA
Fine Grind Almond Flour,$17.49 ,$17.49 ,"454 g, $3.85/100g",Baking,/p/21411809_EA
"Seasoning, Original     ",$7.49 ,$7.49 ,"250 g, $3.00/100g",Baking,20317961001_EA
Gluten Free Yellow Loaf Cake Mix,$6.49 ,$6.49 ,"400 g, $1.62/100g",Baking,20689979003_EA
Pecans,$8.99 ,$8.99 ,"125 g, $5.45/100g",Baking,/p/21356043_EA
"Halves & Pieces Raw Walnuts, Organic",$6.99 ,$6.99 ,"200 g, $3.50/100g",Baking,/p/21517183_EA
Choc Chip Cookie Mix,$8.49 ,$8.49 ,"624 g, $1.36/100g",Baking,/p/21389795_EA
Organic Cayenne Pepper,$4.29 ,$4.29 ,"42 g, $10.21/100g",Baking,/p/21209101_EA
Brown Rice Flour,$5.59 ,$5.59 ,"680 g, $0.82/100g",Baking,/p/21389728_EA
Organic Baking Powder,$6.49 ,$6.49 ,"210 g, $3.09/100g",Baking,/p/20926345_EA
Icing Sugar,$12.49 ,$12.49 ,"340 g, $3.67/100g",Baking,/p/21036619_EA
Organic Light Brown Sugar,$6.99 ,$6.99 ,"681 g, $1.03/100g",Baking,/p/20005405_EA
Buckwheat Flour,$7.49 ,$7.49 ,"624 g, $1.20/100g",Baking,/p/21389629_EA
Brownie Mix,$7.29 ,$7.29 ,"595 g, $1.23/100g",Baking,/p/21389783_EA
Monk Fruit Sweetener,$8.49 ,$8.49 ,"454 g, $1.87/100g",Baking,/p/21208002_EA
Whole Wheat Flour,$8.49 ,$8.49 ,"2.27 kg, $0.37/100g",Baking,/p/21527459_EA
Organic Cardamom Ground,$10.99 ,$10.99 ,"44 g, $24.98/100g",Baking,/p/21316022_EA
Baking Soda,$4.49 ,$4.49 ,"454 g, $0.99/100g",Baking,/p/21380042_EA
Organic Blue Agave,$15.99 ,$15.99 ,"900 ml, $1.78/100ml",Baking,/p/20723542_EA
Organic Thyme Leaves,$4.29 ,$4.29 ,"20 g, $21.45/100g",Baking,/p/21209099_EA
Organic Pitted Dates,$6.49 ,$6.49 ,"250 g, $2.60/100g",Baking,/p/21195408_EA
Organic Ground Chia Seeds,$8.49 ,$8.49 ,"200 g, $4.25/100g",Baking,/p/21041678_EA
Super-Fine Natural Almond Flour,$17.99 ,$17.99 ,"453 g, $3.97/100g",Baking,/p/21416570_EA
Organic Turmeric Ground,$4.29 ,$4.29 ,"49 g, $8.76/100g",Baking,/p/21209107_EA
White Rice Flour,$4.99 ,$4.99 ,"680 g, $0.73/100g",Baking,/p/21389732_EA
Organic Nirvana Sea Salted Almonds,$8.49 ,$8.49 ,"150 g, $5.66/100g",Baking,/p/21041713_EA
Organic Coconut Cream Full Cream,$5.99 ,$5.99 ,"400 ml, $1.50/100ml",Baking,/p/21316074_EA
Rice Bread Crumbs,$7.99 ,$7.99 ,"500 g, $1.60/100g",Baking,/p/20032834_EA
Peppermint Flavour,$8.49 ,$8.49 ,"59 ml, $14.39/100ml",Baking,/p/21562242_EA
Organic Cocoa Nibs,$9.49 ,$9.49 ,"227 g, $4.18/100g",Baking,/p/21066141_EA
Organic Bittersweet Chocolate Chips,$6.00 ,$6.00 ,"205 g, $2.93/100g",Baking,/p/21309604_EA
Medium Cornmeal,$4.49 ,$4.49 ,"680 g, $0.66/100g",Baking,/p/21389712_EA
Organic Ground Black Pepper,$5.00 ,$5.00 ,"47 g, $10.64/100g",Baking,/p/21209121_EA
"Organic Sprouted Spelt Flour, Whole Grain",$12.99 ,$12.99 ,"1 kg, $1.30/100g",Baking,/p/21477105_EA
Stone Ground Quinoa Flour,$11.49 ,$11.49 ,"454 g, $2.53/100g",Baking,/p/21001602_EA
Pancake Mix Original,$13.49 ,$13.49 ,"400 g, $3.37/100g",Baking,/p/21527416_EA
Coriander,$9.99 ,$9.99 ,"65 g, $15.37/100g",Baking,/p/21529838_EA
Super Fine Almond Flour,$27.99 ,$27.99 ,"907 g, $3.09/100g",Baking,/p/21416572_EA
"Gluten Free Cake Mix, Golden",$6.49 ,$6.49 ,"400 g, $1.62/100g",Baking,20689979001_EA
Rye Flour Whole Grain,$6.49 ,$6.49 ,"1 kg, $0.65/100g",Baking,/p/21384443_EA
Organic Whole Spelt Flour,$10.99 ,$10.99 ,"1.25 kg, $0.88/100g",Baking,/p/20145411_EA
Brownie Mix,$17.99 ,$17.99 ,"283 g, $6.36/100g",Baking,/p/21528000_EA
Organic Raw Cashews,$6.99 ,$6.99 ,"185 g, $3.78/100g",Baking,/p/21306142_EA
Organic Whole White Chia Seeds,$8.49 ,$8.49 ,"300 g, $2.83/100g",Baking,20845806001_EA
Organic Himalayan Sunshine,$5.69 ,$5.69 ,"150 g, $3.79/100g",Baking,/p/20985778_EA
Organic Dried Cranberries,$8.99 ,$8.99 ,"250 g, $3.60/100g",Baking,/p/21195390_EA
Rolled Oats Old Fashioned Organic,$5.49 ,$5.49 ,"454 g, $1.21/100g",Baking,/p/21127424_EA
Organic Icing Sugar,$6.49 ,$6.49 ,"454 g, $1.43/100g",Baking,/p/20901219_EA
Stevia Extract,$6.99 ,$6.99 ,"100 g, $0.07/1ea",Baking,/p/20013758_EA
Brown Sugar,$12.49 ,$12.49 ,"340 g, $3.67/100g",Baking,/p/21189523_EA
Chocolate Instant Pudding,$3.49 ,$3.49 ,"48 g, $7.27/100g",Baking,/p/21306153_EA
Super Fine Xanthan Gum,$6.49 ,$6.49 ,"227 g, $2.86/100g",Baking,/p/21411835_EA
"Organic Pure Vanilla Extract, Club Size",$17.99 ,$17.99 ,"120 ml, $14.99/100ml",Baking,/p/21402639_EA
Organic Chocolate Extract,$4.00 ,$4.00 ,"59 ml, $6.78/100ml",Baking,/p/21402635_EA
Instant Pudding Strawberry,$3.49 ,$3.49 ,"44 g, $7.93/100g",Baking,/p/21306143_EA
Organic Cumin Ground,$4.29 ,$4.29 ,"36 g, $11.92/100g",Baking,/p/21209148_EA
Organic Paprika,$4.29 ,$4.29 ,"48 g, $8.94/100g",Baking,/p/21209128_EA
Organic Raw Almonds,$8.99 ,$8.99 ,"200 g, $4.50/100g",Baking,/p/21306141_EA
"Whole Raw Cashews, Organic",$6.49 ,$6.49 ,"200 g, $3.25/100g",Baking,/p/21517182_EA
"Chopped Raw Pecans, Organic",$8.49 ,$8.49 ,"200 g, $4.25/100g",Baking,/p/21517453_EA
Kilimanjaro Organic Deluxe Chocolate Trail Mix,$4.99 ,$4.99 ,"150 g, $3.33/100g",Baking,/p/21041746_EA
"Chopped Raw Walnuts, Organic",$6.29 ,$6.29 ,"200 g, $3.15/100g",Baking,/p/21517457_EA
Organic Hemp Hearts,$11.49 ,$11.49 ,"200 g, $5.75/100g",Baking,/p/20827186_EA
Chickpeas,$2.49 ,$2.49 ,"398 ml, $0.63/100ml",Canned,/p/21403992_EA
Black Beans,$2.49 ,$2.49 ,"398 ml, $0.63/100ml",Canned,/p/21403943_EA
Organic Fire Roasted Diced Tomatoes,$5.29 ,$5.29 ,"796 ml, $0.66/100ml",Canned,/p/20946120_EA
Bean Medley,$2.49 ,$2.49 ,"398 ml, $0.63/100ml",Canned,/p/21411100_EA
Red Kidney Beans,$2.49 ,$2.49 ,"398 ml, $0.63/100ml",Canned,/p/21403994_EA
Organic Black Beans    ,$3.29 ,$3.29 ,"398 ml, $0.83/100ml",Canned,20300173003_EA
Fire Roasted Crushed Tomatoes,$5.29 ,$5.29 ,"796 ml, $0.66/100ml",Canned,/p/20946087_EA
Organic Chick Peas,$3.29 ,$3.29 ,"398 ml, $0.83/100ml",Canned,20300173001_EA
"Organic Mushrooms, Pieces & Stems",$1.99 ,$1.99 ,"284 ml, $0.70/100ml",Canned,/p/20162143_EA
Organic Diced Tomatoes,$5.29 ,$5.29 ,"796 ml, $0.66/100ml",Canned,/p/20946110_EA
"Wild Pink Salmon, No Added Salt",$2.99 ,$2.99 ,"160 g, $1.87/100g",Canned,20317500002_EA
Organic Chopped Tomatoes,$3.49 ,$3.49 ,"398 ml, $0.88/100ml",Canned,/p/21077670_EA
Organic Pinto Beans,$3.29 ,$3.29 ,"398 ml, $0.83/100ml",Canned,20300173002_EA
Organic Tomato Paste,$6.29 ,$6.29 ,"300 ml, $2.10/100ml",Canned,/p/20977286_EA
"Wild Pacific Sardines, Spring Water",$2.99 ,$2.99 ,"120 g, $2.49/100g",Canned,20415010001_EA
Wild Skinless Boneless Pink Salmon,$3.99 ,$3.99 ,"150 g, $2.66/100g",Canned,/p/20149214_EA
Wild Skinless Boneless Sockeye Salmon,$6.99 ,$6.99 ,"150 g, $4.66/100g",Canned,/p/20004280_EA
"Wild Solid White Albacore Tuna, No Salt Added",$6.79 ,$6.79 ,"150 g, $4.53/100g",Canned,20031301001_EA
Organic Kidney Beans,$3.29 ,$3.29 ,"398 ml, $0.83/100ml",Canned,20300173004_EA
Wild Solid White Albacore Tuna,$6.79 ,$6.79 ,"150 g, $4.53/100g",Canned,20031301002_EA
"Wild Sockeye Salmon, No Added Salt",$6.49 ,$6.49 ,"160 g, $4.06/100g",Canned,20314315001_EA
Organic Peeled Tomatoes,$3.49 ,$3.49 ,"398 ml, $0.88/100ml",Canned,/p/21078168_EA
"Wild Pacific Sardines, Tomato Sauce",$2.99 ,$2.99 ,"120 g, $2.49/100g",Canned,20415010003_EA
Wild Albacore Tuna Nosalt,$7.99 ,$7.99 ,"142 g, $5.63/100g",Canned,/p/21362308_EA
Wildalbaco Tuna Salted,$7.99 ,$7.99 ,"142 g, $5.63/100g",Canned,/p/21362762_EA
Canadian Atlantic Salmon,$5.99 ,$5.99 ,"150 g, $3.99/100g",Canned,/p/21450366_EA
Canadian Atlantic Salmon,$5.99 ,$5.99 ,"150 g, $3.99/100g",Canned,/p/21450375_EA
Avocado Oil,$16.49 ,$16.49 ,"750 ml, $2.20/100ml",Oil & Vinegar,/p/20967759_EA
Organic Extra Virgin Olive Oil,$7.99 ,$7.99 ,"500 ml, $1.60/100ml",Oil & Vinegar,/p/20027043_EA
Organic Apple Cider Vinegar,$9.49 ,$9.49 ,"946 ml, $1.00/100ml",Oil & Vinegar,/p/20983004_EA
Organic Vinegar Apple Cider,$5.00 ,$5.00 ,"500 ml, $1.00/100ml",Oil & Vinegar,/p/21106010_EA
Organic Vinegar Apple Cider,$8.49 ,$8.49 ,"1 l, $0.85/100ml",Oil & Vinegar,/p/21102225_EA
Organic Apple Cider Vinegar,$6.29 ,$6.29 ,"473 ml, $1.33/100ml",Oil & Vinegar,/p/20098992_EA
Avocado Oil Spray,$7.49 ,$7.49 ,"140 ml, $5.35/100ml",Oil & Vinegar,/p/20967915_EA
Organics Coconut Oil,$17.99 ,$17.99 ,"860 ml, $2.09/100ml",Oil & Vinegar,/p/20893349_EA
Organic Extra Virgin Olive Oil,$16.99 ,$16.99 ,"750 ml, $2.27/100ml",Oil & Vinegar,/p/21161996_EA
Organic Virgin Coconut Oil,$13.99 ,$13.99 ,"444 ml, $3.15/100ml",Oil & Vinegar,/p/20371617_EA
Oil 100% Pure Avocado,$14.99 ,$14.99 ,"750 ml, $2.00/100ml",Oil & Vinegar,/p/21101417_EA
Organic Refined Coconut Oil,$15.99 ,$15.99 ,"860 ml, $1.86/100ml",Oil & Vinegar,/p/20856507_EA
"Organic Coconut Oil, Large",$26.99 ,$26.99 ,"2.3 l, $1.17/100ml",Oil & Vinegar,/p/21029606_EA
Organic Sunflower Oil,$7.99 ,$7.99 ,"500 ml, $1.60/100ml",Oil & Vinegar,20073016002_EA
Organic Balsamic Vinegar Of Modena,$6.99 ,$6.99 ,"500 ml, $1.40/100ml",Oil & Vinegar,/p/20840927_EA
Organic Canola Oil,$7.99 ,$7.99 ,"500 ml, $1.60/100ml",Oil & Vinegar,20073016001_EA
Organic Safflower Oil,$7.99 ,$7.99 ,"500 ml, $1.60/100ml",Oil & Vinegar,/p/20315219_EA
100% Pure Avocado Oil,$8.99 ,$8.99 ,"250 ml, $3.60/100ml",Oil & Vinegar,/p/21542181_EA
Virgin Coconut Oil,$24.99 ,$24.99 ,"1.6 l, $1.56/100ml",Oil & Vinegar,/p/20769160_EA
"Organic Coconut Oil, Refined",$12.49 ,$12.49 ,"414 ml, $3.02/100ml",Oil & Vinegar,/p/20367942_EA
Oil Spray Avocado,$7.99 ,$7.99 ,"140 ml, $5.71/100ml",Oil & Vinegar,/p/21102403_EA
Extra Virgin Olive Oil,$35.99 ,$35.99 ,"1 l, $3.60/100ml",Oil & Vinegar,/p/20574926_EA
Organic Coconut Manna,$14.49 ,$14.49 ,"425 g, $3.41/100g",Oil & Vinegar,/p/20856153_EA
Balanced Extra Virgin Olive Oil,$19.49 ,$19.49 ,"750 ml, $2.60/100ml",Oil & Vinegar,/p/21161851_EA
Organic Refined Coconut Oil,$22.99 ,$22.99 ,"1.6 l, $1.44/100ml",Oil & Vinegar,/p/20996529_EA
Organic Virgin Coconut Oil,$21.99 ,$21.99 ,"860 ml, $2.56/100ml",Oil & Vinegar,/p/20707369_EA
Organic Liquid Coconut Oil Classic,$21.49 ,$21.49 ,"473 ml, $4.54/100ml",Oil & Vinegar,/p/21041207_EA
Organic Pure Toasted Sesame Oil,$5.00 ,$5.00 ,"250 ml, $2.00/100ml",Oil & Vinegar,/p/21080959_EA
Chosen Blend All-Purpose Cooking Oil Organic,$15.99 ,$15.99 ,"750 ml, $2.13/100ml",Oil & Vinegar,/p/21210216_EA
"Coconut Oil, Spray",$9.99 ,$9.99 ,"170 g, $5.88/100g",Oil & Vinegar,/p/20832801_EA
Extra Virgin Olive Oil Delicate,$19.49 ,$19.49 ,"750 ml, $2.60/100ml",Oil & Vinegar,/p/20062140_EA
Organic Buttery Refined Coconut Oil,$13.99 ,$13.99 ,"858 ml, $1.63/100ml",Oil & Vinegar,/p/21184794_EA
Shells & White Cheddar,$3.29 ,$3.29 ,"170 g, $1.94/100g",Easy Prep Meals & Sides,20316187001_EA
"Pasta, Shells With Cheddar",$3.29 ,$3.29 ,"170 g, $1.94/100g",Easy Prep Meals & Sides,/p/20811201_EA
"Macaroni & Cheese, Classic Mild Cheddar",$3.29 ,$3.29 ,"170 g, $1.94/100g",Easy Prep Meals & Sides,/p/20971517_EA
"Pasta, Bunny Shape With Cheese",$3.29 ,$3.29 ,"170 g, $1.94/100g",Easy Prep Meals & Sides,20316187002_EA
Gluten Free Rice Pasta Cheddar,$3.29 ,$3.29 ,"170 g, $1.94/100g",Easy Prep Meals & Sides,/p/20420057_EA
Organic Chicken Broth,$2.00 ,$2.00 ,"900 ml, $0.22/100ml",Easy Prep Meals & Sides,/p/21190798_EA
Vegetable Broth,$2.00 ,$2.00 ,"900 ml, $0.22/100ml",Easy Prep Meals & Sides,/p/21195472_EA
Organic Chicken Broth Reduced Sodium,$2.00 ,$2.00 ,"900 ml, $0.22/100ml",Easy Prep Meals & Sides,/p/21192309_EA
Annie's Rice Pasta Shells & White Cheddar Cheese,$3.29 ,$3.29 ,"170 g, $1.94/100g",Easy Prep Meals & Sides,/p/20944957_EA
Quinoa,$3.99 ,$3.99 ,"225 g, $1.77/100g",Easy Prep Meals & Sides,/p/20338208_EA
Chicken Bone Broth,$3.99 ,$4.49 ,"1 l, $0.40/100ml",Easy Prep Meals & Sides,/p/21006318_EA
Brown Rice Fusilli Pasta,$2.99 ,$2.99 ,"454 g, $0.66/100g",Easy Prep Meals & Sides,20318379001_EA
Vegetable Rice Fusilli,$3.49 ,$3.49 ,"454 g, $0.77/100g",Easy Prep Meals & Sides,20304808001_EA
Brown Rice Fusilli,$3.49 ,$3.49 ,"454 g, $0.77/100g",Easy Prep Meals & Sides,20312177001_EA
Spirals Pasta     ,$6.29 ,$6.29 ,"227 g, $2.77/100g",Easy Prep Meals & Sides,/p/21126549_EA
Pasta Brown Rice Penne,$3.49 ,$3.49 ,"454 g, $0.77/100g",Easy Prep Meals & Sides,20312177005_EA
Vegan Mac Macaroni & Sauce Macaroni & Cheddar Flavour,$3.99 ,$3.99 ,"170 g, $2.35/100g",Easy Prep Meals & Sides,/p/21500533_EA
Organic Chicken Bouillon Cubes,$4.29 ,$4.29 ,"66 g, $6.50/100g",Easy Prep Meals & Sides,20309666002_EA
Brown Rice Spaghetti,$2.99 ,$2.99 ,"454 g, $0.66/100g",Easy Prep Meals & Sides,20318379002_EA
Rice & Quinoa Spaghetti Pasta,$4.99 ,$4.99 ,"227 g, $2.20/100g",Easy Prep Meals & Sides,20419066002_EA
Organic Long Grain Brown Rice,$5.00 ,$5.00 ,"900 g, $0.56/100g",Easy Prep Meals & Sides,/p/21166890_EA
Organic Golden & Black Quinoa,$3.99 ,$3.99 ,"225 g, $1.77/100g",Easy Prep Meals & Sides,/p/20437121_EA
Organic Long Grain White Rice,$5.00 ,$5.00 ,"900 g, $0.56/100g",Easy Prep Meals & Sides,/p/21166857_EA
Brown Rice Lasagna,$3.49 ,$3.49 ,"340 g, $1.03/100g",Easy Prep Meals & Sides,/p/20053927_EA
Brown Rice Elbows,$3.49 ,$3.49 ,"454 g, $0.77/100g",Easy Prep Meals & Sides,20312177006_EA
"Organic Soup, Creamy Butternut Squash",$5.99 ,$5.99 ,"1 l, $0.60/100ml",Easy Prep Meals & Sides,20137753001_EA
"Organic Low Sodium Soup, Creamy Tomato",$5.99 ,$5.99 ,"1 l, $0.60/100ml",Easy Prep Meals & Sides,20137753006_EA
Shells Pasta     ,$6.29 ,$6.29 ,"227 g, $2.77/100g",Easy Prep Meals & Sides,/p/21123947_EA
Penne Pasta     ,$6.29 ,$6.29 ,"227 g, $2.77/100g",Easy Prep Meals & Sides,/p/21123948_EA
Rice & Quinoa Fusilli Pasta,$4.99 ,$4.99 ,"227 g, $2.20/100g",Easy Prep Meals & Sides,20732324001_EA
"Organic Soup, Lentil",$5.29 ,$5.29 ,"398 ml, $1.33/100ml",Easy Prep Meals & Sides,20305535002_EA
Pasta Brown Rice Spagetti,$3.49 ,$3.49 ,"454 g, $0.77/100g",Easy Prep Meals & Sides,20312177003_EA
Brown Rice Shells,$3.49 ,$3.49 ,"454 g, $0.77/100g",Easy Prep Meals & Sides,20312177007_EA
"Organic Low Sodium Broth, Beef",$3.99 ,$4.49 ,"1 l, $0.40/100ml",Easy Prep Meals & Sides,20321614002_EA
Organic Long Grain Brown Rice,$9.99 ,$9.99 ,"2 kg, $0.50/100g",Easy Prep Meals & Sides,/p/21166775_EA
Organic White Quinoa,$12.99 ,$12.99 ,"800 g, $1.62/100g",Easy Prep Meals & Sides,/p/20896197_EA
Organic Red Lentils,$3.69 ,$3.69 ,"450 g, $0.82/100g",Easy Prep Meals & Sides,/p/21154457_EA
Gluten Free Fusilli,$4.29 ,$4.29 ,"340 g, $1.26/100g",Easy Prep Meals & Sides,20689096002_EA
Cheddar Flavour Plant-Based Deluxe Mac & Cheeze,$5.49 ,$5.49 ,"300 g, $1.83/100g",Easy Prep Meals & Sides,/p/20939529_EA
Gluten Free Spaghetti,$4.29 ,$4.29 ,"340 g, $1.26/100g",Easy Prep Meals & Sides,/p/20689288_EA
"Organic Low Sodium Broth, Vegetable",$3.99 ,$4.49 ,"1 l, $0.40/100ml",Easy Prep Meals & Sides,20321614005_EA
"Organic Low Sodium Broth, Chicken",$3.99 ,$4.49 ,"1 l, $0.40/100ml",Easy Prep Meals & Sides,20321614001_EA
Organic Creamy Tomato Soup,$7.99 ,$7.99 ,"1 l, $0.80/100ml",Easy Prep Meals & Sides,/p/21175723_EA
Vegan Mac Macaroni & Sauce Sweet Potato Pumpkin Shells,$3.99 ,$3.99 ,"170 g, $2.35/100g",Easy Prep Meals & Sides,/p/21500535_EA
"Macaroni & Cheese, Rice Pasta & Cheddar",$3.29 ,$3.29 ,"57 g, $5.77/100g",Easy Prep Meals & Sides,/p/20971493_EA
"Organic Soup, Vegetable Barley",$5.29 ,$5.29 ,"398 ml, $1.33/100ml",Easy Prep Meals & Sides,20305535006_EA
Organic Rotini,$4.00 ,$4.00 ,"454 g, $0.88/100g",Easy Prep Meals & Sides,20669803002_EA
"Organic Soup, Split Pea",$5.29 ,$5.29 ,"398 ml, $1.33/100ml",Easy Prep Meals & Sides,20305535004_EA
Organic Brown And Wild Rice Blend,$9.99 ,$9.99 ,"900 g, $1.11/100g",Easy Prep Meals & Sides,/p/21166921_EA
Organic Beef Bouillon Cubes,$4.29 ,$4.29 ,"66 g, $6.50/100g",Easy Prep Meals & Sides,20309666001_EA
Organic Broccoli Soup,$5.99 ,$5.99 ,"1 l, $0.60/100ml",Easy Prep Meals & Sides,20137753007_EA
Organic Seasoned Vegetable Base,$12.99 ,$12.99 ,"227 g, $5.72/100g",Easy Prep Meals & Sides,/p/21361486_EA
"Organic Soup, Lentil Vegetable",$5.29 ,$5.29 ,"398 ml, $1.33/100ml",Easy Prep Meals & Sides,20305535009_EA
Organic Vegetable Bouillon Cubes,$4.29 ,$4.29 ,"66 g, $6.50/100g",Easy Prep Meals & Sides,/p/20119952_EA
Organic Royal Tri-color Quinoa,$19.99 ,$19.99 ,"1800 g, $1.11/100g",Easy Prep Meals & Sides,/p/21308942_EA
Gluten Free Homestyle Seasoned Stuffing Mix,$5.00 ,$5.00 ,"185 g, $2.70/100g",Easy Prep Meals & Sides,/p/21406879_EA
Tuscany Style Minestrone Organic Soup,$4.99 ,$4.99 ,"398 ml, $1.25/100ml",Easy Prep Meals & Sides,/p/21450784_EA
Organic Pasta Linguine    ,$3.69 ,$3.69 ,"500 g, $0.74/100g",Easy Prep Meals & Sides,20104757004_EA
Cheddar Flavour Deluxe Sauce,$8.49 ,$8.49 ,"134 g, $6.34/100g",Easy Prep Meals & Sides,/p/21220748_EA
Organic Fettuccine,$4.99 ,$4.99 ,"210 g, $2.38/100g",Easy Prep Meals & Sides,/p/21079698_EA
Shells & Cheddar Rice Pasta & Cheese Sauce,$5.99 ,$7.99 ,"312 g, $1.92/100g",Easy Prep Meals & Sides,/p/21436654_EA
the Low Calorie Pasta Organic Konjac Angel Hair,$4.99 ,$4.99 ,"210 g, $2.38/100g",Easy Prep Meals & Sides,/p/21079696_EA
Organic Brown Short Grain Rice,$8.79 ,$8.79 ,"907 g, $0.97/100g",Easy Prep Meals & Sides,20648741002_EA
Organic California Brown Basmati Rice,$13.49 ,$13.49 ,"907 g, $1.49/100g",Easy Prep Meals & Sides,/p/20648745_EA
Organic White Basmati,$7.99 ,$7.99 ,"900 g, $0.89/100g",Easy Prep Meals & Sides,/p/21344520_EA
Brown Rice Spaghetti,$3.49 ,$3.49 ,"454 g, $0.77/100g",Easy Prep Meals & Sides,20297498001_EA
Homegrown Deluxe Rich and Creamy Mac and Cheese White Cheddar,$5.99 ,$7.99 ,"312 g, $1.92/100g",Easy Prep Meals & Sides,/p/21338266_EA
Falafel Mix,$4.79 ,$4.79 ,"284 g, $1.69/100g",Easy Prep Meals & Sides,20316108002_EA
Penne Green Lentil Organic,$6.49 ,$6.49 ,"227 g, $2.86/100g",Easy Prep Meals & Sides,/p/21360577_EA
Spaghetti Organic Black Bean,$4.49 ,$4.49 ,"200 g, $2.25/100g",Easy Prep Meals & Sides,/p/21102196_EA
Roasted Beef Base Organic,$12.99 ,$12.99 ,"227 g, $5.72/100g",Easy Prep Meals & Sides,/p/21238139_EA
Organic Vegetable Broth,$6.79 ,$6.79 ,"1 l, $0.68/100ml",Easy Prep Meals & Sides,20599786002_EA
"Organic Vegetable Bouillon Cubes, Yeast-Free",$4.29 ,$4.29 ,"66 g, $6.50/100g",Easy Prep Meals & Sides,/p/20600882_EA
"Wild Rice & Quinoa, Whole Grain & Lentils",$4.99 ,$4.99 ,"400 g, $1.25/100g",Easy Prep Meals & Sides,/p/20977782_EA
Organic Alimentary Pastas Lasagne   ,$5.49 ,$5.49 ,"375 g, $1.46/100g",Easy Prep Meals & Sides,/p/20419463_EA
"Organic Soup, Fire Roasted Southwestern Vegetable",$5.29 ,$5.29 ,"398 ml, $1.33/100ml",Easy Prep Meals & Sides,/p/20600219_EA
Homegrown Deluxe Rich & Creamy Shells & Cheddar Macaroni & Cheese Sauce,$5.99 ,$7.99 ,"312 g, $1.92/100g",Easy Prep Meals & Sides,/p/21338641_EA
Organic Pasta Spaghetti    ,$6.29 ,$6.29 ,"227 g, $2.77/100g",Easy Prep Meals & Sides,/p/21209449_EA
Organic California White Sushi Rice,$13.49 ,$13.49 ,"907 g, $1.49/100g",Easy Prep Meals & Sides,/p/20648970_EA
"Quinoa, Whole Grain",$4.79 ,$4.79 ,"200 g, $2.40/100g",Easy Prep Meals & Sides,20707421002_EA
Wild Blend Rice,$9.29 ,$9.29 ,"454 g, $2.05/100g",Easy Prep Meals & Sides,/p/20650614_EA
Organic White Cheddar Macaroni & Cheese,$3.29 ,$3.29 ,"57 g, $5.77/100g",Easy Prep Meals & Sides,/p/20971505_EA
Black Bean Spaghetti,$6.49 ,$6.49 ,"200 g, $3.25/100g",Easy Prep Meals & Sides,/p/21191536_EA
Organic Spelt Wholewheat Flour Pasta Penne Rigate,$3.29 ,$3.29 ,"340 g, $0.97/100g",Easy Prep Meals & Sides,/p/21521987_EA
From Japan Brown Rice Miso,$7.99 ,$7.99 ,"150 g, $5.33/100g",Easy Prep Meals & Sides,20896563002_EA
Cheddar Jalapeño Flavour Plant-Based Deluxe Mac & Cheeze,$4.99 ,$4.99 ,"300 g, $1.66/100g",Easy Prep Meals & Sides,/p/21503620_EA
"Organic Soup, Alphabet",$5.29 ,$5.29 ,"398 ml, $1.33/100ml",Easy Prep Meals & Sides,20305535007_EA
Millet & Brown Rice Ramen,$2.99 ,$2.99 ,"80 g, $3.74/100g",Easy Prep Meals & Sides,/p/20975197_EA
Organic Beef Broth,$6.79 ,$6.79 ,"946 ml, $0.72/100ml",Easy Prep Meals & Sides,/p/21366544_EA
From Japan Light Sweet Miso,$7.99 ,$7.99 ,"150 g, $5.33/100g",Easy Prep Meals & Sides,20896563001_EA
Organic Spelt Wholewheat Flour Pasta Spaghetti,$3.29 ,$3.29 ,"340 g, $0.97/100g",Easy Prep Meals & Sides,/p/21521971_EA
Organic Red Lentil Rice Penne,$6.00 ,$6.00 ,"227 g, $2.64/100g",Easy Prep Meals & Sides,/p/21358056_EA
Organic Chickpea Rice Fusilli,$6.00 ,$6.00 ,"227 g, $2.64/100g",Easy Prep Meals & Sides,/p/21358053_EA
"Organic Pasta, Penne Rigate",$4.00 ,$4.00 ,"454 g, $0.88/100g",Easy Prep Meals & Sides,20669803001_EA
Quinoa Rice Spaghetti,$6.00 ,$6.00 ,"227 g, $2.64/100g",Easy Prep Meals & Sides,/p/21358064_EA
Organic Red Lentil Penne,$6.49 ,$6.49 ,"227 g, $2.86/100g",Easy Prep Meals & Sides,/p/21191538_EA
Organic Edamame,$4.49 ,$4.49 ,"200 g, $2.25/100g",Easy Prep Meals & Sides,/p/21102192_EA
Organic Quinoa,$19.99 ,$19.99 ,"1.8 kg, $1.11/100g",Easy Prep Meals & Sides,/p/20996531_EA
"Jasmine Rice, White",$13.49 ,$13.49 ,"907 g, $1.49/100g",Easy Prep Meals & Sides,/p/20652730_EA
Mediterranean Lentil  Organic Soup,$4.99 ,$4.99 ,"398 ml, $1.25/100ml",Easy Prep Meals & Sides,/p/21450697_EA
Organic Chicken Broth,$6.79 ,$6.79 ,"946 ml, $0.72/100ml",Easy Prep Meals & Sides,20599786001_EA
"Organic Bouillon Cubes, Vegetable",$4.29 ,$4.29 ,"54 g, $7.94/100g",Easy Prep Meals & Sides,/p/21154109_EA
"Organic Soup, Black Bean Vegetable",$5.29 ,$5.29 ,"398 ml, $1.33/100ml",Easy Prep Meals & Sides,/p/20321187_EA
"Organic Drum Wheat Semolina Pasta, Macaroni",$3.69 ,$3.69 ,"500 g, $0.74/100g",Easy Prep Meals & Sides,/p/20983038_EA
Oven-Ready Lasagne,$7.99 ,$7.99 ,"227 g, $3.52/100g",Easy Prep Meals & Sides,/p/21421486_EA
Shells & White Cheddar Macaroni & Cheese,$27.99 ,$27.99 ,"1.7 kg, $1.65/100g",Easy Prep Meals & Sides,/p/21410300_EA
Organic White Jasmine Rice,$7.49 ,$7.49 ,"900 g, $0.83/100g",Easy Prep Meals & Sides,/p/21344515_EA
Organic Navy Beans,$3.69 ,$3.69 ,"450 g, $0.82/100g",Easy Prep Meals & Sides,/p/21154432_EA
Oat Spaghetti,$4.49 ,$4.49 ,"400 g, $1.12/100g",Easy Prep Meals & Sides,/p/21154073_EA
Condensed Soup Cream Of Mushroom Organic,$4.29 ,$4.29 ,"284 ml, $1.51/100ml",Easy Prep Meals & Sides,/p/21406441_EA
Pacific Organic Roasted Red Pepper & Tomato Soup,$7.99 ,$7.99 ,"1 l, $0.80/100ml",Easy Prep Meals & Sides,20599733002_EA
Organic Durum Wheat Semolina Pasta Penne Rigate,$3.69 ,$3.69 ,"500 g, $0.74/100g",Easy Prep Meals & Sides,/p/20984138_EA
Quinoa & Ancient Grains,$4.79 ,$4.79 ,"180 g, $2.66/100g",Easy Prep Meals & Sides,/p/20874822_EA
Organic Green Lentils,$3.69 ,$3.69 ,"450 g, $0.82/100g",Easy Prep Meals & Sides,/p/21154460_EA
Rice & Amaranth Penne Pasta,$4.99 ,$4.99 ,"227 g, $2.20/100g",Easy Prep Meals & Sides,20732324002_EA
Roasted Chicken Base Organic,$12.99 ,$12.99 ,"227 g, $5.72/100g",Easy Prep Meals & Sides,/p/21238138_EA
Coconut Curry Sweet Potato Organic Soup,$4.99 ,$4.99 ,"398 ml, $1.25/100ml",Easy Prep Meals & Sides,/p/21450790_EA
Tomato Red Pepper Organic Soup,$4.99 ,$4.99 ,"398 ml, $1.25/100ml",Easy Prep Meals & Sides,/p/21450672_EA
Fusilli,$3.69 ,$3.69 ,"500 g, $0.74/100g",Easy Prep Meals & Sides,/p/20984139_EA
Sprouted Black,$4.99 ,$4.99 ,"350 g, $1.43/100g",Easy Prep Meals & Sides,/p/20983263_EA
"Macaroni & Cheese, Classic Cheddar",$11.99 ,$11.99 ,"680 g, $1.76/100g",Easy Prep Meals & Sides,/p/21112068_EA
Gluten Free Penne Rigate,$4.29 ,$4.29 ,"340 g, $1.26/100g",Easy Prep Meals & Sides,/p/20698425_EA
Mac & Vegan Cheese,$4.29 ,$4.29 ,"170 g, $2.52/100g",Easy Prep Meals & Sides,/p/21380709_EA
Rice & Quinoa Macaroni Pasta,$4.99 ,$4.99 ,"227 g, $2.20/100g",Easy Prep Meals & Sides,20419066001_EA
Chickpea Fusilli,$6.49 ,$6.49 ,"227 g, $2.86/100g",Easy Prep Meals & Sides,/p/21191534_EA
Rice Oat,$4.49 ,$4.49 ,"400 g, $1.12/100g",Easy Prep Meals & Sides,/p/21154070_EA
Organic Spaghetti,$3.69 ,$3.69 ,"500 g, $0.74/100g",Easy Prep Meals & Sides,20104757003_EA
Unsalted Chicken Bone Broth,$9.29 ,$9.29 ,"946 ml, $0.98/100ml",Easy Prep Meals & Sides,/p/21366609_EA
Condensed Soup Free Range Cream Of Chicken,$4.29 ,$4.29 ,"284 ml, $1.51/100ml",Easy Prep Meals & Sides,/p/21406444_EA
Alfredo Flavour Deluxe Sauce,$8.49 ,$8.49 ,"134 g, $6.34/100g",Easy Prep Meals & Sides,/p/21220747_EA
Organic Basmati Rice    ,$5.49 ,$5.49 ,"430 g, $1.28/100g",Easy Prep Meals & Sides,/p/21301609_EA
Jade Pearl Rice Ramen,$2.99 ,$2.99 ,"80 g, $3.74/100g",Easy Prep Meals & Sides,/p/20975198_EA
Creamy Tomato Basil Soup Organic,$7.99 ,$7.99 ,"946 ml, $0.84/100ml",Easy Prep Meals & Sides,/p/21406449_EA
Organic Chicken Bouillon Cubes No Salt Added,$4.29 ,$4.29 ,"54 g, $7.94/100g",Easy Prep Meals & Sides,/p/21154135_EA
Alfredo Flavour Plant-Based Deluxe Mac & Cheeze,$5.49 ,$5.49 ,"300 g, $1.83/100g",Easy Prep Meals & Sides,/p/20939614_EA
Organic Split Green Peas,$3.69 ,$3.69 ,"450 g, $0.82/100g",Easy Prep Meals & Sides,/p/21154428_EA
Organic Rice Brown Jasmine,$13.49 ,$13.49 ,"907 g, $1.49/100g",Easy Prep Meals & Sides,/p/21494023_EA
Organic Spaghetti,$4.00 ,$4.00 ,"454 g, $0.88/100g",Easy Prep Meals & Sides,20669803003_EA
"Organic Couscous, Roasted Garlic & Olive Oil",$4.79 ,$4.79 ,"198 g, $2.42/100g",Easy Prep Meals & Sides,20326517004_EA
Gluten Free Macaroni,$4.29 ,$4.29 ,"340 g, $1.26/100g",Easy Prep Meals & Sides,20689096001_EA
Organic California White Basmati Rice,$13.49 ,$13.49 ,"907 g, $1.49/100g",Easy Prep Meals & Sides,/p/20652715_EA
Organic Spelt Wholewheat Flour Pasta Fusilli,$3.29 ,$3.29 ,"340 g, $0.97/100g",Easy Prep Meals & Sides,/p/21521978_EA
Shells & Vegan Cheese,$4.29 ,$4.29 ,"170 g, $2.52/100g",Easy Prep Meals & Sides,/p/21381126_EA
Brown Rice Spirals,$3.49 ,$3.49 ,"454 g, $0.77/100g",Easy Prep Meals & Sides,20312177008_EA
Quinoa Rice Fusilli,$6.00 ,$6.00 ,"227 g, $2.64/100g",Easy Prep Meals & Sides,/p/21358020_EA
Organic Spaghetti,$4.99 ,$4.99 ,"210 g, $2.38/100g",Easy Prep Meals & Sides,/p/21079749_EA
Edamame Spaghetti,$6.49 ,$6.49 ,"200 g, $3.25/100g",Easy Prep Meals & Sides,/p/21191533_EA
"Couscous, Original",$4.79 ,$4.79 ,"340 g, $1.41/100g",Easy Prep Meals & Sides,20326517002_EA
Organic Red Kidney Beans,$3.69 ,$3.69 ,"450 g, $0.82/100g",Easy Prep Meals & Sides,/p/21154436_EA
Organic Split Yellow Peas,$3.69 ,$3.69 ,"450 g, $0.82/100g",Easy Prep Meals & Sides,/p/21154434_EA
"Macaroni & Cheese, White Cheddar",$11.99 ,$11.99 ,"680 g, $1.76/100g",Easy Prep Meals & Sides,/p/21112063_EA
White Rice Spaghetti,$3.49 ,$3.49 ,"454 g, $0.77/100g",Easy Prep Meals & Sides,20312177002_EA
Penne Oat,$4.49 ,$4.49 ,"400 g, $1.12/100g",Easy Prep Meals & Sides,/p/21154221_EA
Tortilla Chips Salted,$4.49 ,$4.49 ,"350 g, $1.28/100g",Snacks ,/p/21031316_EA
Veggie Straws-Original,$3.79 ,$3.79 ,"142 g, $2.67/100g",Snacks ,20377204001_EA
Birthday Cake Chocolate Drizzled Granola Bars,$5.00 ,$5.00 ,"120 g, $4.17/100g",Snacks ,/p/21352121_EA
Popping Corn,$2.99 ,$2.99 ,"1 kg, $0.30/100g",Snacks ,/p/21291313_EA
Boost High Protein Chocolate Meal Replacement Drink,$12.99 ,$12.99 ,"6x237.0 ml, $0.91/100ml",Snacks ,p/20986348_C06
Chocolate Chip Granola Bars ,$5.00 ,$5.00 ,"120 g, $4.17/100g",Snacks ,20797052001_EA
Mixed Berry Granola Bars,$5.00 ,$5.00 ,"120 g, $4.17/100g",Snacks ,20797052002_EA
Vegetable And Potato Snack Zesty Ranch,$3.79 ,$3.79 ,"120 g, $3.16/100g",Snacks ,/p/21380091_EA
Strawberry Granola Bars,$5.00 ,$5.00 ,"5x120.0 g, $0.83/100g",Snacks ,/p/20927046_EA
Boost Original Strawberry Meal Replacement Drink,$12.99 ,$12.99 ,"6x237.0 ml, $0.91/100ml",Snacks ,0304429005_C06
Tortilla Chips Blue Corn,$4.49 ,$4.49 ,"350 g, $1.28/100g",Snacks ,/p/21031315_EA
Unsalted Tortilla Chips,$4.49 ,$4.49 ,"350 g, $1.28/100g",Snacks ,/p/21031311_EA
Original Gourmet Popping Corn,$5.99 ,$5.99 ,"850 g, $0.70/100g",Snacks ,/p/20308686_EA
Organic Apple Sauce Unsweetened Apple,$3.99 ,$3.99 ,"6x100.0 ml, $0.67/100ml",Snacks ,20320493001_EA
Boost Diabetic Chocolate Nutritional Supplement Drink,$12.99 ,$12.99 ,"6x237.0 ml, $0.91/100ml",Snacks ,p/20990880_C06
"Tortilla Chips, Thin & Crispy Sea Salt",$4.49 ,$4.49 ,"300 g, $1.50/100g",Snacks ,/p/20978992_EA
Mornings Chocolate Chip Soft Baked Oat Bars,$5.00 ,$5.00 ,"150 g, $3.33/100g",Snacks ,/p/21425469_EA
"Skinny Pop Popcorn, Original",$4.99 ,$4.99 ,"125 g, $3.99/100g",Snacks ,20785418001_EA
Chocolate Chip Soft Baked Mini Cookies,$5.00 ,$5.00 ,"120 g, $4.17/100g",Snacks ,/p/21107621_EA
Simply+ Nutritional Supplement Vanilla,$12.99 ,$12.99 ,"325 ml, $4.00/100ml",Snacks ,p/21499827_C04
Veggie Chips,$3.79 ,$3.79 ,"142 g, $2.67/100g",Snacks ,/p/20650196_EA
Chocolate Chip Granola Minis,$5.00 ,$5.00 ,"24 g, $20.83/100g",Snacks ,/p/21351868_EA
Chocolate Banana Granola Minis,$5.00 ,$5.00 ,"24 g, $20.83/100g",Snacks ,/p/21351847_EA
Chocolate Chip Granola Bars,$13.49 ,$13.49 ,"360 g, $3.75/100g",Snacks ,/p/20990917_EA
"Skinny Pop Popcorn, White Cheddar",$4.99 ,$4.99 ,"125 g, $3.99/100g",Snacks ,20785418002_EA
Potato Chips Honey Dijon,$4.49 ,$4.49 ,"198 g, $2.27/100g",Snacks ,/p/21520692_EA
Potato Chips Sea Salt & Vinegar,$4.49 ,$4.49 ,"198 g, $2.27/100g",Snacks ,/p/21520654_EA
Organic Unsweetened Apple Sauce,$3.99 ,$3.99 ,"650 ml, $0.61/100ml",Snacks ,20866052001_EA
Original Veggie Straws,$9.49 ,$9.49 ,"425 g, $2.23/100g",Snacks ,/p/20987179_EA
Chocolate Banana Soft Baked Mini Cookies,$5.00 ,$5.00 ,"120 g, $4.17/100g",Snacks ,/p/21107607_EA
Pack Pure Popped Perfection Popcorn 6 Bags,$6.49 ,$6.49 ,"108 g, $6.01/100g",Snacks ,/p/21052844_EA
Double Chocolate Soft Baked Mini Cookies,$5.00 ,$5.00 ,"120 g, $4.17/100g",Snacks ,/p/21107622_EA
Cream and Onion ,$3.79 ,$3.79 ,"120 g, $3.16/100g",Snacks ,/p/21357580_EA
BoomChickaPop Sweet & Salty Kettle Corn,$4.99 ,$4.99 ,"198 g, $2.52/100g",Snacks ,/p/20811709_EA
Sweet & Salty Kettle Corn Style Flavoured Popped-Corn Chips 142g,$5.99 ,$5.99 ,"142 g, $4.22/100g",Snacks ,/p/21370205_EA
Chocolate Chip Cookies,$5.00 ,$5.00 ,"142 g, $3.52/100g",Snacks ,/p/21352074_EA
Potato Chips Sea Salt,$4.49 ,$4.49 ,"198 g, $2.27/100g",Snacks ,/p/21520652_EA
"Popcorn Seasoning, Mmm…White Cheddar",$4.29 ,$4.29 ,"110 g, $3.90/100g",Snacks ,20297429001_EA
"Go Snack Roasted Seaweed, Sea Salt",$8.99 ,$8.99 ,"5 g, $179.80/100g",Snacks ,/p/20999935_EA
Organic Jumbo Raisin Snack Pack,$4.00 ,$4.00 ,"1 ea, $4.00/1ea",Snacks ,/p/21170526_EA
Graham Honey Snacks,$5.49 ,$5.49 ,"213 g, $2.58/100g",Snacks ,/p/20944440_EA
"Tortilla Chips, Thin & Crispy, Twist of Lime",$4.49 ,$4.49 ,"300 g, $1.50/100g",Snacks ,/p/20978995_EA
"Handcrafted-Style Chips, Black Sea Salt",$4.79 ,$4.79 ,"128 g, $3.74/100g",Snacks ,/p/21157616_EA
Organic Original Corn Chips,$5.99 ,$5.99 ,"276 g, $2.17/100g",Snacks ,/p/21404543_EA
Cheddar Bunnies Crackers,$5.49 ,$5.49 ,"213 g, $2.58/100g",Snacks ,/p/20949212_EA
Cheddar Star Puffed Crackers,$5.49 ,$5.49 ,"121 g, $4.54/100g",Snacks ,/p/21355184_EA
Cheddar Garden Veg Straws   ,$3.79 ,$3.79 ,"120 g, $3.16/100g",Snacks ,/p/21289044_EA
Gluten Free Sea Salt Butternut Squash Mini Crackers,$6.49 ,$6.49 ,"113 g, $5.74/100g",Snacks ,/p/21469773_EA
"Breakfast Bar, Almond Butter 4 Bars",$5.29 ,$5.29 ,"4x50.0 g, $2.65/100g",Snacks ,/p/21085197_EA
Original Low Sodium,$10.99 ,$10.99 ,"354 g, $3.10/100g",Snacks ,/p/20986486_EA
Handcrafted-Style Chips Black Truffle Sea Salt Potato Chips,$4.79 ,$4.79 ,"128 g, $3.83/100g",Snacks ,/p/21483789_EA
Simply Banana Chips 77g,$6.29 ,$6.29 ,"77 g, $8.17/100g",Snacks ,/p/21209621_EA
Chocolate Brownie,$10.99 ,$10.99 ,"150 g, $7.33/100g",Snacks ,/p/21383311_EA
Sea Salt Potato Chips,$5.49 ,$5.49 ,"227 g, $2.42/100g",Snacks ,/p/21423301_EA
Garden Crisps Sea Salt Rice and Pea Snacks 177g,$5.99 ,$5.99 ,"177 g, $3.38/100g",Snacks ,/p/21205756_EA
Cinnamon Apple Chips 96g,$6.29 ,$6.29 ,"96 g, $6.55/100g",Snacks ,/p/21368815_EA
"Gluten-Free Fruit & Nut Bar, Peanut Butter Dark Chocolate + Protein Single Bar",$2.29 ,$2.29 ,"40 g, $5.73/100g",Snacks ,20432550002_EA
"Popcorn Pack, White Cheddar",$6.49 ,$6.49 ,"108 g, $6.01/100g",Snacks ,/p/21300749_EA
"Popcorn Seasoning, Sassy Salt & Vinegar",$4.29 ,$4.29 ,"110 g, $3.90/100g",Snacks ,20297429003_EA
"Fruit & Nut Energy Bar, Peanut Butter ",$2.29 ,$2.29 ,"48 g, $4.77/100g",Snacks ,20031362008_EA
Organic Sea Salt Multigrain Flatbread Crackers,$2.99 ,$2.99 ,"142 g, $2.11/100g",Snacks ,/p/20982169_EA
Organic Rosemary Multigrain Flatbread Crackers,$2.99 ,$2.99 ,"142 g, $2.11/100g",Snacks ,/p/20978831_EA
Rugged Handcrafted-Style Chips All Dressed Potato Chips Level-Up Size,$5.49 ,$5.49 ,"275 g, $2.00/100g",Snacks ,/p/21481817_EA
Super Seed Super Grains Everything Crackers,$7.49 ,$7.49 ,"155 g, $4.83/100g",Snacks ,/p/21042382_EA
"Organic Microwave Popcorn, Natural",$5.79 ,$5.79 ,"243 g, $2.38/100g",Snacks ,20310679001_EA
Mini Rice Crisps Paw Patrol,$5.99 ,$5.99 ,"120 g, $4.99/100g",Snacks ,/p/21547732_EA
"Builders Protein Builder's Bar, Chocolate",$2.79 ,$2.79 ,"68 g, $4.10/100g",Snacks ,20303133001_EA
Purple Kernel Popping Corn,$4.79 ,$4.79 ,"850 g, $0.56/100g",Snacks ,/p/21291250_EA
Strawberry Granola Minis,$4.99 ,$4.99 ,"100 g, $4.99/100g",Snacks ,/p/20987250_EA
Good Bites MINIS Coconut Lemon MiniBites,$4.99 ,$4.99 ,"92 g, $5.42/100g",Snacks ,/p/21438606_EA
"Popcorn Seasoning, Krazy Ketchup",$4.29 ,$4.29 ,"125 g, $3.43/100g",Snacks ,/p/20310992_EA
Crunch Cool Mint Chocolate Energy Bar,$2.99 ,$2.99 ,"68 g, $4.40/100g",Snacks ,20130914010_EA
Vanilla Almond Soft Baked Bar,$16.99 ,$16.99 ,"9x40.0 g, $4.72/100g",Snacks ,p/21187236_C09
"Fruit & Nut Energy Bar, Chocolate Brownie",$2.29 ,$2.29 ,"45 g, $5.09/100g",Snacks ,/p/20781404_EA
Organic Crackers Cheddar Plant Based,$6.79 ,$6.79 ,"120 g, $5.66/100g",Snacks ,/p/21493098_EA
Red Corn Tortilla Chips,$4.49 ,$4.49 ,"300 g, $1.50/100g",Snacks ,/p/21031312_EA
"Kind Bar, Mini Dark Chocolate Nuts and Sea Salt 10 Bars",$10.99 ,$10.99 ,"200 g, $5.50/100g",Snacks ,/p/21125232_EA
Chocolate Coconut Energy Bites,$7.49 ,$7.49 ,"150 g, $4.99/100g",Snacks ,/p/21412884_EA
Fuji & Reds Apple Chips 96g,$6.29 ,$6.29 ,"96 g, $6.55/100g",Snacks ,/p/21206317_EA
Peri-Peri Bites,$4.99 ,$4.99 ,"50 g, $9.98/100g",Snacks ,/p/21358636_EA
12 G. Protein Bar Peanut Butter Chocolate,$3.49 ,$3.49 ,"52 g, $6.71/100g",Snacks ,/p/21189858_EA
Cheezy Cracker Bites,$4.99 ,$4.99 ,"120 g, $4.16/100g",Snacks ,/p/21449459_EA
Haunted Ghost Pepper Tortilla Chips,$5.49 ,$5.49 ,"155 g, $3.54/100g",Snacks ,/p/21032474_EA
Graham Sandwiches Organic S'mores,$7.49 ,$7.49 ,"226 g, $3.31/100g",Snacks ,/p/21547813_EA
Dark Chocolate Dessert,$5.99 ,$5.99 ,"4x125.0 g, $1.20/100g",Snacks ,20151398003_EA
"Handcrafted-Style Chips, All Dressed",$4.79 ,$4.79 ,"150 g, $3.19/100g",Snacks ,/p/21206878_EA
Chocolate Chip Oat Bars,$5.99 ,$5.99 ,"135 g, $4.44/100g",Snacks ,/p/21048242_EA
Vegetable And Potato Snack Rosemary & Olive Oil ,$3.79 ,$3.79 ,"120 g, $3.16/100g",Snacks ,/p/21380078_EA
Choco Chip Cookie,$5.49 ,$5.49 ,"220 g, $2.50/100g",Snacks ,/p/20018584_EA
"Handcrafted-Style Chips, Rock Salt & Vinegar",$4.79 ,$4.79 ,"150 g, $3.19/100g",Snacks ,20370855002_EA
Popcorn Sweet & Salty Kettle,$4.99 ,$4.99 ,"150 g, $3.33/100g",Snacks ,/p/21125567_EA
"Delight Popcorn, Sea Salt",$5.49 ,$5.49 ,"156 g, $3.52/100g",Snacks ,/p/20960494_EA
Salsa with Corn,$5.99 ,$5.99 ,"410 ml, $1.46/100ml",Snacks ,/p/20976198_EA
Sea Salt Star Puffed Crackers,$5.49 ,$5.49 ,"121 g, $4.54/100g",Snacks ,/p/21355349_EA
Gluten-Free Honeygrams,$6.99 ,$6.99 ,"160 g, $4.37/100g",Snacks ,/p/21311984_EA
"Cheese Puffs, Baked Original",$3.49 ,$3.49 ,"155 g, $2.25/100g",Snacks ,20308488003_EA
Fig Bar Original Fig,$8.49 ,$8.49 ,"340 g, $2.50/100g",Snacks ,/p/21550352_EA
Sea Salt And Cider Vinegar Organic,$4.49 ,$4.49 ,"135 g, $3.33/100g",Snacks ,/p/21524167_EA
"Handcrafted-Style Chips, BBQ Sweet Potato Chips",$4.99 ,$4.99 ,"150 g, $3.33/100g",Snacks ,/p/21085829_EA
"Fruit & Nut Energy Bar, Cashew, 16/pack",$21.99 ,$21.99 ,"16x48.0 g, $2.86/100g",Snacks ,0031362002_C16
Bites Vanilla Coconut,$8.99 ,$10.49 ,"150 g, $5.99/100g",Snacks ,/p/21209658_EA
Crunch Chocolate Brownie Energy Bar,$2.99 ,$2.99 ,"68 g, $4.40/100g",Snacks ,20130914011_EA
Vanilla Almond Soft Baked Bar,$1.99 ,$1.99 ,"40 g, $4.98/100g",Snacks ,/p/21187236_EA
Dark Chocolate and Peanut Butter Bites,$2.49 ,$2.49 ,"24 g, $10.37/100g",Snacks ,/p/21465369_EA
Chocolate Sea Salt Bar,$3.49 ,$3.49 ,"52 g, $6.71/100g",Snacks ,/p/21189855_EA
Seaweed Snacks Crispy Original Flavour,$5.99 ,$5.99 ,"32 g, $18.72/100g",Snacks ,/p/21358125_EA
Chocolate 6 Pack,$5.00 ,$5.00 ,"144 g, $3.47/100g",Snacks ,/p/21361535_EA
"Fruit & Nut Energy Bar, Cashew ",$2.29 ,$2.29 ,"48 g, $4.77/100g",Snacks ,20031362002_EA
"Organic Almond, Maple Syrup & Cashew Coconut Clusters",$5.00 ,$5.00 ,"125 g, $4.00/100g",Snacks ,/p/21286003_EA
Pink Salt Bites,$4.99 ,$4.99 ,"50 g, $9.98/100g",Snacks ,/p/21358659_EA
"Blondies, 6-Pack",$13.99 ,$13.99 ,"6x40.0 g, $5.83/100g",Snacks ,p/21406893_C06
Organic Medium Salsa,$5.49 ,$5.49 ,"420 ml, $1.31/100ml",Snacks ,/p/21339563_EA
Dipped Clusters Clusters Dark Chocolate Almond Butter,$5.99 ,$5.99 ,"113 g, $5.30/100g",Snacks ,/p/21453323_EA
Simply White Cheddar Flavoured Tortilla Chips 213g,$5.49 ,$5.49 ,"213 g, $2.58/100g",Snacks ,/p/21033703_EA
Potato Chips Sea Salt Party Size,$6.49 ,$6.49 ,"368 g, $1.76/100g",Snacks ,/p/21520601_EA
Organic Black Pepper,$7.49 ,$7.49 ,"184 g, $4.07/100g",Snacks ,20316727003_EA
"Plentils Lentil Chips, Sea Salt",$4.29 ,$4.29 ,"113 g, $3.80/100g",Snacks ,20590014001_EA
"Organic Stoned Wheat Crackers, Vegetable",$3.49 ,$3.49 ,"200 g, $1.75/100g",Snacks ,20304938002_EA
"Fruit & Nut Energy Bar, Chocolate Chip ",$2.29 ,$2.29 ,"48 g, $4.77/100g",Snacks ,20031362009_EA
"Double Chocolate Soft Baked Bar, 9-Pack",$16.99 ,$16.99 ,"9x40.0 g, $4.72/100g",Snacks ,p/21219837_C09
Butter Flavour Popcorn,$4.29 ,$4.29 ,"127 g, $3.38/100g",Snacks ,/p/20145504_EA
Krinkle Cut Potato Chips Truffle Oil & Sea Salt,$4.49 ,$4.49 ,"198 g, $2.27/100g",Snacks ,/p/21520687_EA
Organic Chews - Fruit Smoothie,$2.79 ,$2.79 ,"50 g, $5.58/100g",Snacks ,/p/21207645_EA
"Builders Protein Builder's Bar, Chocolate Peanut Butter",$13.99 ,$13.99 ,"410 g, $3.41/100g",Snacks ,20706230001_EA
Rice Cake Minis Sea Salt Organic,$6.49 ,$6.49 ,"142 g, $4.57/100g",Snacks ,/p/21453618_EA
Plant-Based Dip Queso,$7.99 ,$7.99 ,"310 g, $2.58/100g",Snacks ,/p/21537282_EA
Rugged Handcrafted-Style Chips All Natural Potato Chips Level-Up Size,$5.49 ,$5.49 ,"275 g, $2.00/100g",Snacks ,/p/21481907_EA
Simply Puffs White Cheddar Cheese flavoured snacks 241g,$5.49 ,$5.49 ,"241 g, $2.28/100g",Snacks ,/p/21293080_EA
Banana Maple Cookies 7 Individually Wrapped Cookies,$5.99 ,$5.99 ,"154 g, $3.89/100g",Snacks ,/p/21048233_EA
Tortillas Organic Nacho Cheese,$6.99 ,$6.99 ,"255 g, $2.74/100g",Snacks ,/p/21551366_EA
Lela's Chickpea Chips Plain & Simple,$4.99 ,$4.99 ,"120 g, $4.16/100g",Snacks ,/p/21523256_EA
"Fruit & Nut Energy Bar, Coconut Cream",$2.29 ,$2.29 ,"48 g, $4.77/100g",Snacks ,/p/20324903_EA
Organic Original,$7.49 ,$7.49 ,"184 g, $4.07/100g",Snacks ,20316727002_EA
Potato Chips Jalapeno,$4.49 ,$4.49 ,"198 g, $2.27/100g",Snacks ,/p/21520668_EA
Chocolate Drizzled Crispy Squares Confetti,$10.99 ,$10.99 ,"22 g, $49.95/100g",Snacks ,/p/21480147_EA
Dark Chocolate Cherry Cashew Bar Single Bar,$2.29 ,$2.29 ,"40 g, $5.73/100g",Snacks ,20432550003_EA
Peanut Butter Chocolate Chip,$10.99 ,$10.99 ,"150 g, $7.33/100g",Snacks ,/p/21383313_EA
The Original Organic,$4.49 ,$4.49 ,"135 g, $3.33/100g",Snacks ,/p/21524235_EA
Annie's Crackers White Cheddar Bunnies,$5.49 ,$5.49 ,"213 g, $2.58/100g",Snacks ,/p/20944866_EA
"Builders Protein Builder's Bar, Peanut Butter",$2.79 ,$2.79 ,"68 g, $4.10/100g",Snacks ,20303133002_EA
Peanut Butter Dark Chocolate Granola 5 Bars,$5.29 ,$5.29 ,"35 g, $15.11/100g",Snacks ,/p/20928553_EA
"Fruit & Nut Energy Bar, Apple, 16/pack",$21.99 ,$21.99 ,"16x45.0 g, $3.05/100g",Snacks ,0031362001_C16
Breakfast Bars Peanut Butter,$5.79 ,$5.79 ,"50 g, $11.58/100g",Snacks ,/p/21518333_EA
Garden Veggie Puffs Sour Cream & Onion,$5.29 ,$5.29 ,"106 g, $4.99/100g",Snacks ,/p/21435918_EA
Simply Blue Corn Tortilla Chips,$5.49 ,$5.49 ,"240 g, $2.29/100g",Snacks ,/p/20991017_EA
Microwave Seasalt Popcorn,$8.49 ,$8.49 ,"476 g, $1.78/100g",Snacks ,/p/21355829_EA
Easy Rounders Tortillas Chips,$5.49 ,$5.49 ,"300 g, $1.83/100g",Snacks ,/p/21533053_EA
Potato Chips Cheddar,$4.49 ,$4.49 ,"198 g, $2.27/100g",Snacks ,/p/21520665_EA
Banana Maple Cookies 7 Individually Wrapped Cookies,$5.99 ,$5.99 ,"154 g, $3.89/100g",Snacks ,/p/21048233_EA
Tortillas Organic Nacho Cheese,$6.99 ,$6.99 ,"255 g, $2.74/100g",Snacks ,/p/21551366_EA
Lela's Chickpea Chips Plain & Simple,$4.99 ,$4.99 ,"120 g, $4.16/100g",Snacks ,/p/21523256_EA
Gluten Free Plant Based Cheddar Seasoning Cauliflower Mini Crackers,$6.49 ,$6.49 ,"113 g, $5.74/100g",Snacks ,/p/21471638_EA
Pizza Star Puffed Crackers,$5.49 ,$5.49 ,"121 g, $4.54/100g",Snacks ,/p/21355273_EA
Chocolate With Probiotics Organic Oat Clusters,$6.49 ,$6.49 ,"90 g, $7,211.11/100g",Snacks ,/p/21417944_EA
Taco Shells Yellow Corn Organic,$3.99 ,$3.99 ,"130 g, $3.07/100g",Snacks ,/p/21410537_EA
Gluten Free Arrowroot Animals Crunchy Cookies,$4.99 ,$4.99 ,"227 g, $2.20/100g",Snacks ,/p/21059021_EA
"Fruit & Nut Energy Bar, Apple",$2.29 ,$2.29 ,"45 g, $5.09/100g",Snacks ,20031362001_EA
Nut Butter Filled Organic Peanut Butter Bar,$2.79 ,$2.79 ,"50 g, $5.58/100g",Snacks ,21012470001_EA
Sea Salt Tortilla,$6.99 ,$6.99 ,"142 g, $4.92/100g",Snacks ,/p/21447174_EA
Organic Cheddar Vegan Puffs,$7.99 ,$7.99 ,"336 g, $2.38/100g",Snacks ,/p/21358686_EA
Keto Snack Chocolate Super Seed Crunch,$6.49 ,$6.49 ,"150 g, $4.33/100g",Snacks ,/p/21417363_EA
"Handcrafted-Style Chips, Avocado & Lime",$4.79 ,$4.79 ,"150 g, $3.19/100g",Snacks ,/p/21085832_EA
Popcorn 12 Bags,$11.99 ,$11.99 ,"168 g, $7.14/100g",Snacks ,/p/21452204_EA
Crunch Chocolate Chip Energy Bar,$2.99 ,$2.99 ,"68 g, $4.40/100g",Snacks ,20130914003_EA
"Gluten Free Bar, Lemon",$2.39 ,$2.39 ,"45 g, $5.31/100g",Snacks ,/p/21425843_EA
Halloween Chocolate Granola Minibar,$9.99 ,$9.99 ,"360 g, $2.78/100g",Snacks ,/p/21195321_EA
Crunchy Bites Chic Choc Chocolate Caramel,$6.49 ,$6.49 ,"125 g, $5.19/100g",Snacks ,/p/21358147_EA
Fäv Milk Chocolate Peanut Butter Cups,$16.49 ,$16.49 ,"176 g, $9.37/100g",Snacks ,/p/21542250_EA
Cacao Coconut Bites    ,$8.99 ,$10.49 ,"150 g, $5.99/100g",Snacks ,/p/21209659_EA
Chewy-Nutty Salted Caramel,$2.49 ,$2.49 ,"40 g, $6.23/100g",Snacks ,/p/21299499_EA
Oh My Ghee! Organic Popcorn,$4.99 ,$4.99 ,"142 g, $3.51/100g",Snacks ,/p/21087317_EA
Cinnamon Toast Organic Rice Cake,$6.99 ,$6.99 ,"269 g, $2.60/100g",Snacks ,/p/21247433_EA
"Banana Bread Crisps, Original",$6.49 ,$6.49 ,"70 g, $9.27/100g",Snacks ,/p/21523693_EA
Birthday Cake Chocolate Drizzled Crunchy Oat Bites,$5.29 ,$5.29 ,"100 g, $5.29/100g",Snacks ,/p/21513273_EA
Organic Chews - Pomegranate Passion Fruit,$2.79 ,$2.79 ,"50 g, $5.58/100g",Snacks ,/p/21207642_EA
"Pudding, French Vanilla Gluten Free",$5.99 ,$5.99 ,"500 g, $1.20/100g",Snacks ,/p/20799121_EA
Peanut Butter Banana with Dark Chocolate Energy Bar,$2.99 ,$2.99 ,"68 g, $4.40/100g",Snacks ,/p/21164081_EA
"Paleo Puffs, ""No Cheese"" Cheesiness",$4.99 ,$4.99 ,"140 g, $3.56/100g",Snacks ,/p/21114641_EA
Tempura Spicy Flavour Seaweed Snacks,$5.99 ,$5.99 ,"45 g, $13.31/100g",Snacks ,/p/21358116_EA
Gluten Free Sea Salt Cauliflower Mini Crackers,$6.49 ,$6.49 ,"113 g, $5.74/100g",Snacks ,/p/21471630_EA
"Kids Probiotic Bars, Cocoa Banana",$5.99 ,$5.99 ,"4x20.0 g, $7.49/100g",Snacks ,/p/21095226_EA
Mixed Berry Granola Minis,$4.99 ,$4.99 ,"100 g, $4.99/100g",Snacks ,/p/20979885_EA
Dark Choco Almond,$3.29 ,$3.29 ,"40 g, $8.23/100g",Snacks ,/p/21388491_EA
Organic Sea Salt,$3.29 ,$3.29 ,"142 g, $2.32/100g",Snacks ,/p/21369590_EA
Dipped Clusters Clusters Dark Chocolate Nuts & Berries,$5.99 ,$5.99 ,"113 g, $5.30/100g",Snacks ,/p/21453325_EA
Nacho Grain Freetortilla,$6.99 ,$6.99 ,"142 g, $4.92/100g",Snacks ,/p/21447188_EA
Good Bites MINIS Chocolate Brownie MiniBites,$4.99 ,$4.99 ,"27 g, $18.48/100g",Snacks ,/p/21438613_EA
"Handcrafted-Style Chips, Variety Pack (18 Count)",$12.49 ,$12.49 ,"414 g, $3.02/100g",Snacks ,/p/21046940_EA
Krinkle Cut Potato Chips Habanero Lime,$4.49 ,$4.49 ,"198 g, $2.27/100g",Snacks ,/p/21520691_EA
"Almond Nut-Thins, Hint Of Sea Salt",$5.49 ,$5.49 ,"120 g, $4.58/100g",Snacks ,20105841004_EA
"White Chocolate Macadamia, 16 count",$29.49 ,$29.49 ,"1.3 kg, $2.27/100g",Snacks ,/p/21425888_EA
"Handcrafted Style Chips, Rock Salt and Vinegar",$9.99 ,$9.99 ,"625 g, $1.60/100g",Snacks ,/p/21164528_EA
Nut Butter Filled Organic Choc Peanut,$2.79 ,$2.79 ,"50 g, $5.58/100g",Snacks ,21012470003_EA
Chic Choc Vanilla Almond Crunchy Bites,$6.49 ,$6.49 ,"125 g, $5.19/100g",Snacks ,/p/21358128_EA
Chickpea Chips Honey Dijon,$5.99 ,$5.99 ,"128 g, $4.68/100g",Snacks ,/p/21533779_EA
Tortilla Chips Organic Jalapeño & Lime,$4.49 ,$4.49 ,"156 g, $2.88/100g",Snacks ,/p/21454953_EA
Smoreables Graham Style Crackers,$5.49 ,$5.49 ,"220 g, $2.50/100g",Snacks ,/p/20216211_EA
"Handcrafted-Style Chips, Paprika",$4.79 ,$4.79 ,"128 g, $3.74/100g",Snacks ,/p/21206252_EA
Organic Mexican Street Corn Chips,$5.99 ,$5.99 ,"276 g, $2.17/100g",Snacks ,/p/21404556_EA
Organics Mild Salsa,$4.99 ,$4.99 ,"437 ml, $1.14/100ml",Snacks ,/p/21453647_EA
Chocolate Banana Granola Minis,$13.49 ,$13.49 ,"24 g, $56.21/100g",Snacks ,/p/21352025_EA
Sweets & Beet,$5.49 ,$5.49 ,"170 g, $3.23/100g",Snacks ,20140411004_EA
Lela's Chickpea Chips Cracked Pepper,$4.99 ,$4.99 ,"120 g, $4.16/100g",Snacks ,/p/21523279_EA
"Gluten-Free Cookies, Chocolate Vanilla Creme",$8.49 ,$8.49 ,"300 g, $2.83/100g",Snacks ,20319742001_EA
Organic Plant Based Cheddar Baked Corn Puffs,$4.29 ,$4.29 ,"142 g, $3.02/100g",Snacks ,/p/21358684_EA
Potato Chips Backyard Barbeque,$4.49 ,$4.49 ,"198 g, $2.27/100g",Snacks ,/p/21520658_EA
Potato Crisps Original,$4.79 ,$4.79 ,"160 g, $2.99/100g",Snacks ,/p/21535581_EA
"Handcrafted-Style Chips, Sweet Ghost Pepper",$4.79 ,$4.79 ,"128 g, $3.74/100g",Snacks ,/p/21157585_EA
Baked Corn Puffs White Cheddar Flavour ,$5.29 ,$5.29 ,"106 g, $4.99/100g",Snacks ,/p/21380093_EA
"Boomchickapop, Sea Salt",$4.99 ,$4.99 ,"136 g, $3.67/100g",Snacks ,/p/20770751_EA
Simply Yellow Corn Tortilla Chips 240g,$5.49 ,$5.49 ,"240 g, $2.29/100g",Snacks ,/p/20990644_EA
Original 6 Pack,$5.00 ,$5.00 ,"144 g, $3.47/100g",Snacks ,/p/21361488_EA
"Paleo Puffs, Himalayan Pink Salt",$4.99 ,$4.99 ,"140 g, $3.56/100g",Snacks ,/p/21113656_EA
Caramel Popcorn,$4.49 ,$4.49 ,"170 g, $2.64/100g",Snacks ,/p/21100001_EA
Peanut Butter Chocolate Energy Bites,$7.49 ,$7.49 ,"150 g, $4.99/100g",Snacks ,/p/21412881_EA
Lemon Cake Bars Non-GMO Value Pack,$13.99 ,$13.99 ,"50 g, $27.98/100g",Snacks ,/p/21294729_EA
Berry Burst With Probiotics Organic  Oat Clusters,$6.49 ,$6.49 ,"90 g, $7.21/100g",Snacks ,/p/21417936_EA
Creamy Dill Organic,$4.49 ,$4.49 ,"135 g, $3.33/100g",Snacks ,/p/21524236_EA
Mini Choclate Chip,$13.49 ,$13.49 ,"281 g, $4.80/100g",Snacks ,/p/21387586_EA
Sweet and Salty with Sparkles Gourmet Popcorn,$4.99 ,$4.99 ,"142 g, $3.51/100g",Snacks ,/p/21480115_EA
"Veggie Chips, Sour Cream & Onion",$3.79 ,$3.79 ,"141 g, $2.69/100g",Snacks ,/p/20973347_EA
"Tortillas, Day of Dead",$4.49 ,$4.49 ,"286 g, $1.57/100g",Snacks ,/p/21197703_EA
Double Chocolate Cookies,$5.00 ,$5.00 ,"142 g, $3.52/100g",Snacks ,/p/21352055_EA
"Handcrafted-Style Chips, Lightly Salted Beet Chps",$4.99 ,$4.99 ,"150 g, $3.33/100g",Snacks ,/p/20874370_EA
Crunchy Peanut Butter Energy Bar,$2.99 ,$2.99 ,"68 g, $4.40/100g",Snacks ,/p/20312621_EA
Pizza Cracker Bites,$4.99 ,$4.99 ,"120 g, $4.16/100g",Snacks ,/p/21449455_EA
Beans Zesty,$4.99 ,$4.99 ,"140 g, $3.56/100g",Snacks ,/p/21387695_EA
Organic Herb,$7.49 ,$7.49 ,"184 g, $4.07/100g",Snacks ,20316727001_EA
"Cheese Puffs, Original",$3.49 ,$3.49 ,"198 g, $1.76/100g",Snacks ,20308488001_EA
Popcorn Seasoning Dill Pickle,$4.29 ,$4.29 ,"110 g, $3.90/100g",Snacks ,20297429002_EA
Salsa Sweet & Smokey Mango,$5.99 ,$5.99 ,"410 ml, $1.46/100ml",Snacks ,/p/21404541_EA
"Organic Crackers, Cheddar",$5.49 ,$5.49 ,"213 g, $2.58/100g",Snacks ,/p/21021472_EA
Gluten Free Crackers    ,$8.29 ,$8.29 ,"210 g, $3.95/100g",Snacks ,/p/21242472_EA
"Nuts & Spices Bar, Caramel Almond & Sea Salt Each",$2.29 ,$2.29 ,"40 g, $5.73/100g",Snacks ,20866784001_EA
Dark Chocolate with Sea Salt Bar,$2.29 ,$2.29 ,"40 g, $5.73/100g",Snacks ,/p/20784073_EA
Brownies,$1.99 ,$1.99 ,"40 g, $4.98/100g",Snacks ,/p/21406885_EA
Blondies,$1.99 ,$1.99 ,"40 g, $4.98/100g",Snacks ,/p/21406893_EA
"Handcrafted-Style Chips, Lightly Salted Parsnip Chips",$4.99 ,$4.99 ,"150 g, $3.33/100g",Snacks ,/p/20871728_EA
Good Bites MINIS Chocolate Orange MiniBites,$4.99 ,$4.99 ,"108 g, $4.62/100g",Snacks ,/p/21438644_EA
Chocolate Banana Granola Minis,$4.99 ,$4.99 ,"100 g, $4.99/100g",Snacks ,/p/20987262_EA
Mixed Berries Super Seed Crunch,$6.49 ,$6.49 ,"150 g, $4.33/100g",Snacks ,/p/21417272_EA
"Buddha Bowl, Himalayan Gold",$4.99 ,$4.99 ,"142 g, $3.51/100g",Snacks ,/p/21018008_EA
Chocolate Chip,$13.49 ,$13.49 ,"6x68.0 g, $3.31/100g",Snacks ,20347485003_EA
"Organic Stoned Wheat Crackers, Original",$3.49 ,$3.49 ,"200 g, $1.75/100g",Snacks ,20304938001_EA
Ancient Grain Purple Kernel Popcorn Sea Salt,$4.49 ,$4.49 ,"136 g, $3.30/100g",Snacks ,/p/21435387_EA
Dark Chocolate Chunk Granola 5 Bars,$5.29 ,$5.29 ,"35 g, $15.11/100g",Snacks ,/p/20925684_EA
Super Seed Basil & Garlic Crackers,$7.49 ,$7.49 ,"155 g, $4.83/100g",Snacks ,/p/21042385_EA
"Organic Salsa, Medium",$5.99 ,$5.99 ,"410 ml, $1.46/100ml",Snacks ,/p/20976483_EA
Organic Unsweetened Apple Treat ,$3.49 ,$3.49 ,"90 g, $0.32/100g",Snacks ,/p/21310368_EA
"Zbar Chocolate Chip Baked Whole Grain Energy Snack Bars, 12-pack",$14.49 ,$14.49 ,"432 g, $3.35/100g",Snacks ,/p/21219473_EA
Peanut Butter Mini Crunchy Bar,$13.49 ,$13.49 ,"281 g, $4.80/100g",Snacks ,/p/21387605_EA
Pretzel Sticks,$8.49 ,$8.49 ,"400 g, $2.12/100g",Snacks ,/p/21077582_EA
"Boom Chicka Pop Popcorn, Sea Salt",$9.49 ,$9.49 ,"255 g, $3.72/100g",Snacks ,/p/20992771_EA
"Gluten Free Bites, Dark Chocolate Coconut",$7.49 ,$7.49 ,"113 g, $6.63/100g",Snacks ,/p/20983431_EA
Sweet + Salty Super Seed Crunch,$6.49 ,$6.49 ,"150 g, $4.33/100g",Snacks ,/p/21417262_EA
Toasted Coconut Chips 94g,$6.29 ,$6.29 ,"94 g, $6.69/100g",Snacks ,/p/21209623_EA
Chocolate Chip Granola,$4.99 ,$4.99 ,"100 g, $4.99/100g",Snacks ,/p/20979880_EA
Dipped Clusters Clusters Dark Chocolate Vanilla Cashew,$5.99 ,$5.99 ,"113 g, $5.30/100g",Snacks ,/p/21453322_EA
"Gluten Free Bites, Coconut Cashew",$7.49 ,$7.49 ,"113 g, $6.63/100g",Snacks ,/p/20983430_EA
" Zbar Iced Oatmeal Cookie Baked Whole Grain Energy Snack Bars, 5-Pack",$7.49 ,$7.49 ,"180.02 g, $4.16/100g",Snacks ,20872366003_EA
"Krinkle Cut Sweet Potato Chips, Sea Salt",$5.49 ,$5.49 ,"165 g, $3.33/100g",Snacks ,/p/20772008_EA
"Handcrafted-Style Chips, BBQ Sweet Potato Chips",$4.79 ,$4.79 ,"150 g, $3.19/100g",Snacks ,/p/20979866_EA
"Organic Cookies, Chocolate",$5.49 ,$5.49 ,"213 g, $2.58/100g",Snacks ,/p/21019983_EA
Tortillas Deep Blue + Flax Organic,$5.49 ,$5.49 ,"300 g, $1.83/100g",Snacks ,/p/21533054_EA
Exotic Vegetables Chips,$5.49 ,$5.49 ,"170 g, $3.23/100g",Snacks ,20140411001_EA
Blueberry Oat Bars,$5.99 ,$5.99 ,"135 g, $4.44/100g",Snacks ,/p/21048241_EA
Original Animal Cookies,$4.49 ,$4.49 ,"250 g, $1.80/100g",Snacks ,/p/20304981_EA
Peanut Butter,$4.49 ,$4.49 ,"71 g, $6.32/100g",Snacks ,/p/21214579_EA
Kinnitoos Chocolate Sandwich Crème Cookies Birthday Flavor,$5.49 ,$5.49 ,"220 g, $2.50/100g",Snacks ,/p/21427203_EA
"Vegetable Chips, Mediterranean",$5.49 ,$5.49 ,"170 g, $3.23/100g",Snacks ,20140411003_EA
Chocolate Chip Peanut Butter Organic,$4.49 ,$4.49 ,"5000 g, $0.09/100g",Snacks ,/p/21209980_EA
Cookie Ginger Snap,$4.99 ,$4.99 ,"227 g, $2.20/100g",Snacks ,/p/21069942_EA
Cookies & Crème Vanilla Drizzled Crunchy Oat Bites,$5.29 ,$5.29 ,"100 g, $5.29/100g",Snacks ,/p/21513290_EA
Coconut and Cashew Bites,$2.49 ,$2.49 ,"24 g, $10.37/100g",Snacks ,/p/21465364_EA
Protein Pressels Thin & Crispy Pretzel Chips Salt,$5.00 ,$5.00 ,"150 g, $3.33/100g",Snacks ,/p/21454969_EA
Smokey Bbq Organic,$4.49 ,$4.49 ,"135 g, $3.33/100g",Snacks ,/p/21524168_EA
"Gluten Free Bar, Lemon, 16/pack",$21.99 ,$21.99 ,"16x45.0 g, $3.05/100g",Snacks ,p/21425843_C16
Chocolate Coconut Chips 79g,$6.29 ,$6.29 ,"79 g, $7.96/100g",Snacks ,/p/21368816_EA
Fava Beans Roasted Dill Pickle,$4.99 ,$4.99 ,"140 g, $3.56/100g",Snacks ,/p/21462890_EA
Organic Rice Cake Minis Apple Pie Flavoured,$6.49 ,$6.49 ,"142 g, $4.57/100g",Snacks ,/p/21453551_EA
Organic Apple Strawberry Fruit Snacks,$3.49 ,$3.49 ,"4x90.0 g, $0.97/100g",Snacks ,/p/21306822_EA
Lentil Chips Salt And Vinegar,$4.29 ,$4.29 ,"113 g, $3.80/100g",Snacks ,/p/21452779_EA
Breakfast Peanut Butter 4 Bars,$5.29 ,$5.29 ,"4x50.0 g, $2.65/100g",Snacks ,/p/21085633_EA
"Banana Bread Crisps, Chocolate",$6.49 ,$6.49 ,"70 g, $9.27/100g",Snacks ,/p/21523696_EA
Organic Multigrain,$3.29 ,$3.29 ,"142 g, $2.32/100g",Snacks ,/p/21369572_EA
"Nut Butter Bar, Chocolate Chip & Peanut Butter",$2.79 ,$2.79 ,"50 g, $5.58/100g",Snacks ,/p/21511083_EA
"Fruit & Nut Energy Bar, Peanut Butter Chocolate Chip, 16/pack",$21.99 ,$21.99 ,"16x45.0 g, $3.05/100g",Snacks ,0031362007_C16
Boom Chicka Pop Kettle Corn Sweet & Salty,$9.49 ,$9.49 ,"397 g, $2.39/100g",Snacks ,/p/21101429_EA
Churro Cinnamon Chips,$6.99 ,$6.99 ,"142 g, $4.92/100g",Snacks ,/p/21447269_EA
Chocolate Brownie Energy Bars,$29.99 ,$29.99 ,"68 g, $44.10/100g",Snacks ,/p/21425865_EA
Chocolate Chip Crispy Squares,$5.00 ,$5.00 ,"132 g, $3.79/100g",Snacks ,/p/21062407_EA
Zesty Cheeze Crackers,$4.99 ,$4.99 ,"120 g, $4.16/100g",Snacks ,/p/21416668_EA
Breakfast Peanut Butter 4 Bars,$5.29 ,$5.29 ,"4x50.0 g, $2.65/100g",Snacks ,/p/21085633_EA
"Banana Bread Crisps, Chocolate",$6.49 ,$6.49 ,"70 g, $9.27/100g",Snacks ,/p/21523696_EA
Fig Bar Raspberry,$8.49 ,$8.49 ,"340 g, $2.50/100g",Snacks ,/p/21549605_EA
"Builders Protein Builder's Bar, Chocolate Mint",$2.79 ,$2.79 ,"68 g, $4.10/100g",Snacks ,20419958001_EA
Protein Pressels Thin & Crispy Pretzel Chips Salt,$5.00 ,$5.00 ,"150 g, $3.33/100g",Snacks ,/p/21454969_EA
Breadsticks Gluten Free,$8.29 ,$8.29 ,"150 g, $5.53/100g",Snacks ,/p/21381128_EA
"Organic Microwave Popcorn, Butter",$5.79 ,$5.79 ,"297 g, $1.95/100g",Snacks ,20310679002_EA
Crunch Chocolate Almond Fudge Energy Bar,$2.99 ,$2.99 ,"68 g, $4.40/100g",Snacks ,20130914004_EA
Double Chocolate Snack,$6.49 ,$6.49 ,"125 g, $5.19/100g",Snacks ,/p/21358145_EA
Organic Crackers Super Seed Classic,$7.49 ,$7.49 ,"155 g, $4.83/100g",Snacks ,/p/21023550_EA
Smokey Bbq Organic,$4.49 ,$4.49 ,"135 g, $3.33/100g",Snacks ,/p/21524168_EA
"Gluten Free Bar, Lemon, 16/pack",$21.99 ,$21.99 ,"16x45.0 g, $3.05/100g",Snacks ,p/21425843_C16
White Cheddar Puffs    ,$4.99 ,$4.99 ,"170 g, $2.94/100g",Snacks ,/p/21219848_EA
Rosemary Truffle with Olive Oil Gourmet Popcorn,$4.99 ,$4.99 ,"113 g, $4.42/100g",Snacks ,/p/21480136_EA
Corn Thins Crispbread Slices Original Organic,$3.79 ,$3.79 ,"150 g, $2.53/100g",Snacks ,/p/21106422_EA
"Fruit & Nut Energy Bar, Peanut Butter, 16/pack",$21.99 ,$21.99 ,"16x48.0 g, $2.86/100g",Snacks ,0031362008_C16
"Protein Gummies, Wild Berry",$3.79 ,$3.79 ,"50 g, $7.58/100g",Snacks ,/p/21190536_EA
Vanilla Crispy Squares,$5.00 ,$5.00 ,"132 g, $3.79/100g",Snacks ,/p/21062205_EA
"Almond Nut-Thins, Rice & Nut",$5.49 ,$5.49 ,"120 g, $4.58/100g",Snacks ,20105841001_EA
Potato Chips Pepperoncini,$4.49 ,$4.49 ,"198 g, $2.27/100g",Snacks ,/p/21520689_EA
Churro Cinnamon Chips,$6.99 ,$6.99 ,"142 g, $4.92/100g",Snacks ,/p/21447269_EA
Chocolate Brownie Energy Bars,$29.99 ,$29.99 ,"68 g, $44.10/100g",Snacks ,/p/21425865_EA
Chocolate Chip Crispy Squares,$5.00 ,$5.00 ,"132 g, $3.79/100g",Snacks ,/p/21062407_EA
"Energy Bar, Crunchy Peanut Butter (16 Count)",$29.49 ,$29.49 ,"1088 g, $2.71/100g",Snacks ,/p/21356894_EA
Real Thin Organic Crackers Sea Salted,$7.49 ,$7.49 ,"142 g, $5.27/100g",Snacks ,/p/21194340_EA
Gluten Free Bites Dark Chocolate Peanut Butter,$7.49 ,$7.49 ,"113 g, $6.63/100g",Snacks ,/p/21121325_EA
"Probiotic Bars, Double Chocolate Peanut Free",$5.99 ,$5.99 ,"100 g, $5.99/100g",Snacks ,/p/21196534_EA
"Fruit & Nut Energy Bar, Peanut Butter Chocolate Chip, 16/pack",$21.99 ,$21.99 ,"16x45.0 g, $3.05/100g",Snacks ,0031362007_C16
Boom Chicka Pop Kettle Corn Sweet & Salty,$9.49 ,$9.49 ,"397 g, $2.39/100g",Snacks ,/p/21101429_EA
"Bananas, Pineapple & Cranberries Trail Mix",$6.29 ,$6.29 ,"150 g, $4.19/100g",Snacks ,/p/21474721_EA
Tortillas New Classics Organic,$5.49 ,$5.49 ,"300 g, $1.83/100g",Snacks ,/p/21533145_EA
Organic Mild Salsa,$5.49 ,$5.49 ,"420 ml, $1.31/100ml",Snacks ,/p/21339564_EA
Sea Salt Popped-Corn Chips 142g,$5.99 ,$5.99 ,"142 g, $4.22/100g",Snacks ,/p/21370367_EA
Potato Crisps Salt & Vinegar Flavour,$4.79 ,$4.79 ,"160 g, $2.99/100g",Snacks ,/p/21540086_EA
Birthday Cake Chocolate Drizzled Crunchy Oat Bites,$5.00 ,$5.00 ,"24 g, $20.83/100g",Snacks ,/p/21518641_EA
Krinkle Cut Potato Chips Salt & Fresh Ground Pepper,$4.49 ,$4.49 ,"198 g, $2.27/100g",Snacks ,/p/21520661_EA
"Handcrafted-Style Chips, All Natural",$4.79 ,$4.79 ,"150 g, $3.19/100g",Snacks ,20370855001_EA
Microwave Butter Popcorn,$8.49 ,$8.49 ,"476 g, $1.78/100g",Snacks ,/p/21355825_EA
"Handcrafted-Style Chips, Honey Dijon",$4.79 ,$4.79 ,"128 g, $3.74/100g",Snacks ,/p/21157598_EA
Simply Puffs White Cheddar Cheese flavoured snacks 227g,$5.49 ,$5.49 ,"227 g, $2.42/100g",Snacks ,/p/21205434_EA
"Fruit & Nut Energy Bar, Peanut Butter Chocolate Chip",$2.29 ,$2.29 ,"45 g, $5.09/100g",Snacks ,20031362007_EA
Graham Sandwiches Organic Birthday Cake,$7.49 ,$7.49 ,"226 g, $3.31/100g",Snacks ,/p/21547830_EA
Jalapeno Tropicale Tortilla Chips,$5.49 ,$5.49 ,"155 g, $3.54/100g",Snacks ,/p/21191860_EA
Organics Sea Salt Brown Rice Cakes,$2.99 ,$2.99 ,"120 g, $2.49/100g",Snacks ,/p/21408855_EA
Handcrafted-Style Chips Wild Onion & Yogurt,$4.79 ,$4.79 ,"150 g, $3.19/100g",Snacks ,/p/20772003_EA
"Organic Rice Cakes, Salt Free",$6.99 ,$6.99 ,"241 g, $2.90/100g",Snacks ,/p/21247431_EA
"Fruit & Nut Energy Bar, Chocolate Brownie, 16/pack",$21.99 ,$21.99 ,"16x45.0 g, $3.05/100g",Snacks ,p/20781404_C16
BBQ Snacks,$3.79 ,$3.79 ,"120 g, $3.16/100g",Snacks ,/p/21357581_EA
White Chocolate Macadamia Energy Bar,$2.99 ,$2.99 ,"68 g, $4.40/100g",Snacks ,20707304002_EA
Crackers Herb & Seed,$4.99 ,$4.99 ,"120 g, $4.16/100g",Snacks ,/p/21416666_EA
Cheezee Crackers Plant-Based Cheese & Herb Flavour,$6.79 ,$6.79 ,"120 g, $5.66/100g",Snacks ,/p/21493095_EA
Vanilla Flavour Cookies,$5.00 ,$5.00 ,"142 g, $3.52/100g",Snacks ,/p/21352056_EA
Tortilla Chips Organic Rounds Unsalted,$4.49 ,$4.49 ,"300 g, $1.50/100g",Snacks ,/p/21544181_EA
Organic Dark Chocolate Sea Salt Nut Bar,$1.79 ,$1.79 ,"40 g, $4.48/100g",Snacks ,/p/21391177_EA
Organics Unsalted Brown Rice Cakes,$2.99 ,$2.99 ,"120 g, $2.49/100g",Snacks ,/p/21408859_EA
"Organic Rice Cakes, Salted",$6.99 ,$6.99 ,"241 g, $2.90/100g",Snacks ,/p/21247427_EA
Crunchy Little Lentils Barbecue,$4.99 ,$4.99 ,"140 g, $3.56/100g",Snacks ,/p/21127150_EA
"Handcrafted-Style Chips, Ketchup",$4.79 ,$4.79 ,"150 g, $3.19/100g",Snacks ,/p/20771686_EA
Real Thin Crackers Garlic Rosemary,$7.49 ,$7.49 ,"142 g, $5.27/100g",Snacks ,/p/21194351_EA
Lightly Salted Roasted Chickpeas,$4.99 ,$4.99 ,"120 g, $4.16/100g",Snacks ,/p/21127194_EA
3 Seed Sweet Potato Crackers,$6.69 ,$6.69 ,"180 g, $3.72/100g",Snacks ,20898753002_EA
Corn Thins Crispbread Slices Organic Sesame,$3.79 ,$3.79 ,"150 g, $2.53/100g",Snacks ,/p/21106420_EA
Chickpea Chips Sea Salt,$5.99 ,$5.99 ,"128 g, $4.68/100g",Snacks ,/p/21533767_EA
Krinkle Cut Potato Chips Dill Pickle,$4.49 ,$4.49 ,"198 g, $2.27/100g",Snacks ,/p/21520670_EA
Apple Cinnamon With Probiotics Organic Oat Clusters,$6.49 ,$6.49 ,"90 g, $7.21/100g",Snacks ,/p/21417938_EA
Fava Beans Roasted Jalapeño Lime,$4.99 ,$4.99 ,"140 g, $3.56/100g",Snacks ,/p/21462885_EA
Peanut Butter and Jam,$10.99 ,$10.99 ,"150 g, $7.33/100g",Snacks ,/p/21383317_EA
Handcrafted-Style Chips The Beet Goes On,$4.99 ,$4.99 ,"150 g, $3.33/100g",Snacks ,/p/21460362_EA
Oatmeal Chocolate Chip Soft Baked Cookies,$5.99 ,$5.99 ,"154 g, $3.89/100g",Snacks ,/p/21396329_EA
Double Chocolate Soft Baked Bar,$1.99 ,$1.99 ,"40 g, $4.98/100g",Snacks ,/p/21219837_EA
Himalayan Salt Crackers,$4.99 ,$4.99 ,"120 g, $4.16/100g",Snacks ,/p/21416692_EA
Roasted Chickpeas Barbecue,$4.99 ,$4.99 ,"120 g, $4.16/100g",Snacks ,/p/21127189_EA
"Energy Bar, White Chocolate Macadamia",$13.49 ,$13.49 ,"408 g, $3.31/100g",Snacks ,/p/21005100_EA
Organic 100% Fruit Bites Apple Strawberry,$5.49 ,$5.49 ,"108 g, $5.08/100g",Snacks ,/p/21528182_EA
Roasted Chickpeas Sea Salt & Lime,$4.99 ,$4.99 ,"120 g, $4.16/100g",Snacks ,/p/21127187_EA
Good Bites MINIS Coconut Classic MiniBites,$4.99 ,$4.99 ,"92 g, $5.42/100g",Snacks ,/p/21438587_EA
"Fruit & Nut Energy Bar, Chocolate Chip, 16/pack",$21.99 ,$21.99 ,"16x48.0 g, $2.86/100g",Snacks ,0031362009_C16
Sweet Cinnamon Soft Baked Mini Cookies,$5.00 ,$5.00 ,"120 g, $20.83/100g",Snacks ,/p/21219806_EA
Tortilla Chips Organic Rounds Salted,$4.49 ,$4.49 ,"300 g, $1.50/100g",Snacks ,/p/21544187_EA
"Boom Chicka Pop, Sea Salt Popcorn, 6 pack",$5.99 ,$5.99 ,"102 g, $5.87/100g",Snacks ,/p/21427930_EA
Krinkle Cut Potato Chips Salt & Fresh Ground Pepper Party Size,$6.49 ,$6.49 ,"368 g, $1.76/100g",Snacks ,/p/21520600_EA
Sea Salt & Avocado Oil Premium Roasted Seaweed,$8.99 ,$8.99 ,"6x27.0 g, $5.55/100g",Snacks ,/p/21356151_EA
Protein Pressels Thin & Crispy Pretzel Chips Everything,$5.00 ,$5.00 ,"150 g, $3.33/100g",Snacks ,/p/21454967_EA
Rice Cake Minis White Cheddar Flavoured Organic,$6.49 ,$6.49 ,"142 g, $4.57/100g",Snacks ,/p/21453549_EA
Fiery Chili Limon Tortilla Chips,$5.49 ,$5.49 ,"155 g, $3.54/100g",Snacks ,/p/21191859_EA
Plant Based Cheddar Jalapeno Baked Corn Puffs,$4.29 ,$4.29 ,"142 g, $3.02/100g",Snacks ,/p/21358688_EA
"Veggie Chips, Sea Salt",$3.79 ,$3.79 ,"141 g, $2.69/100g",Snacks ,/p/20971574_EA
Lela's Chickpea Chips Creamy Dill,$4.99 ,$4.99 ,"120 g, $4.16/100g",Snacks ,/p/21523082_EA
"Original Salsa, Mild",$5.99 ,$5.99 ,"410 ml, $1.46/100ml",Snacks ,/p/20975904_EA
"Delight Popcorn, White Cheddar",$5.49 ,$5.49 ,"156 g, $3.52/100g",Snacks ,/p/20960497_EA
Organics Medium Salsa,$4.99 ,$4.99 ,"437 ml, $1.14/100ml",Snacks ,/p/21453650_EA
Very Verde Good Tortilla Chips  ,$5.49 ,$5.49 ,"155 g, $3.54/100g",Snacks ,/p/20987658_EA
Oats & Honey with Toasted Coconut Granola 5 Bars,$5.29 ,$5.29 ,"35 g, $15.11/100g",Snacks ,/p/20926433_EA
Black Forest Ham,$6.00 ,$6.00 ,"300 g, $20.00/1kg",Deli Meat,/p/20817362_EA
Smoked Turkey Breast,$6.00 ,$6.00 ,"300 g, $20.00/1kg",Deli Meat,/p/20668014_EA
"Natural Selections Sliced Black Forest Deli Ham, Smoked",$8.99 ,$8.99 ,"175 g, $51.37/1kg",Deli Meat,/p/20065285_EA
"Natural Selections Sliced Deli Turkey Breast, Oven Roasted",$8.99 ,$8.99 ,"175 g, $51.37/1kg",Deli Meat,/p/20009282_EA
"Pepperettes Sausage Sticks, European",$10.99 ,$10.99 ,"300 g, $3.66/100g",Deli Meat,/p/21196171_EA
"Pepperettes Sausage Sticks, Original",$10.99 ,$10.99 ,"375 g, $2.93/100g",Deli Meat,/p/20976110_EA
Honey Maple Ham,$6.00 ,$6.00 ,"300 g, $20.00/1kg",Deli Meat,/p/20817363_EA
Black Forest Ham,$3.60 ,$3.60 ,$36.00/1kg,Deli Meat,/p/20320534_KG
Oven Roasted Turkey Breast (Thin Sliced),$4.50 ,$4.50 ,$45.00/1kg,Deli Meat,/p/20059548_KG
Dual Pack ,$6.00 ,$6.00 ,"300 g, $2.00/100g",Deli Meat,/p/21396433_EA
"Pepperettes Sausage Sticks, Pepperoni",$10.99 ,$10.99 ,"300 g, $3.66/100g",Deli Meat,/p/21433636_EA
Cooked Turkey,$6.00 ,$6.00 ,"300 g, $2.00/100g",Deli Meat,/p/20915281_EA
"Natural Selections Shaved Deli Turkey Breast, Hickory Smoked",$8.99 ,$8.99 ,"175 g, $51.37/1kg",Deli Meat,/p/20582322_EA
"Smoked Chicken Breast, Extra Lean",$6.00 ,$6.00 ,"300 g, $20.00/1kg",Deli Meat,/p/20668017_EA
Extra Lean Smoked Turkey,$3.50 ,$3.50 ,$35.00/1kg,Deli Meat,/p/20324673_KG
Kolbassa Sausage,$6.00 ,$6.00 ,"375 g, $16.00/1kg",Deli Meat,/p/20308469_EA
Montreal Smoked Meat,$6.00 ,$6.00 ,"250 g, $24.00/1kg",Deli Meat,/p/20868904_EA
Roast Beef,$6.00 ,$6.00 ,"250 g, $24.00/1kg",Deli Meat,/p/20867687_EA
Sub Trio ,$6.00 ,$6.00 ,"300 g, $2.00/100g",Deli Meat,/p/21003096_EA
"Natural Selections Sliced Deli Chicken Breast, Oven Roasted",$8.99 ,$8.99 ,"175 g, $51.37/1kg",Deli Meat,/p/20066495_EA
Extra Lean Cooked Ham,$6.00 ,$6.00 ,"300 g, $20.00/1kg",Deli Meat,/p/20818693_EA
"Pepperettes Sausage Sticks, Turkey",$10.99 ,$10.99 ,"375 g, $2.93/100g",Deli Meat,/p/20976093_EA
Genoa Sweet Salami    ,$7.99 ,$7.99 ,"150 g, $5.33/100g",Deli Meat,/p/21061099_EA
"Pepperoni, Sliced",$6.00 ,$6.00 ,"250 g, $24.00/1kg",Deli Meat,/p/20042333_EA
Pizzeria Style Pepperoni,$3.99 ,$3.99 ,"150 g, $2.66/100g",Deli Meat,/p/21464136_EA
Blue Ribbon Classic Bologna,$5.99 ,$5.99 ,"500 g, $11.98/1kg",Deli Meat,/p/20039186_EA
Natural Selections Sliced Baked Honey Deli Ham,$8.99 ,$8.99 ,"175 g, $51.37/1kg",Deli Meat,/p/20339105_EA
Pepperoni Mild Sliced,$11.79 ,$11.79 ,"900 g, $1.31/100g",Deli Meat,/p/21217461_EA
"Natural Selections Sliced Black Forest Deli Ham, Smoked, Family Size",$10.49 ,$13.99 ,"400 g, $26.23/1kg",Deli Meat,/p/20772015_EA
Turkey Bites Smoked Turkey Sausage Original,$9.99 ,$9.99 ,"300 g, $3.33/100g",Deli Meat,/p/21099386_EA
Mortadella,$3.49 ,$4.49 ,"175 g, $19.94/1kg",Deli Meat,/p/20576743_EA
Free From Turkey,$8.79 ,$8.79 ,"175 g, $50.23/1kg",Deli Meat,/p/20682966_EA
Bologna,$6.00 ,$6.00 ,"600 g, $1.00/100g",Deli Meat,/p/21025984_EA
Oven Roasted Chicken Breast (Thin Sliced),$3.80 ,$3.80 ,$38.00/1kg,Deli Meat,/p/20302980_KG
Pepperoni,$6.00 ,$6.00 ,"500 g, $1.20/100g",Deli Meat,/p/20015818_EA
Montreal Smoked Meat,$3.60 ,$3.60 ,$36.00/1kg,Deli Meat,/p/20065207_KG
Natural Choice® Deli Assortment,$15.99 ,$15.99 ,"400 g, $4.00/100g",Deli Meat,/p/21105597_EA
Free From Smoked Black Forest Ham,$8.79 ,$8.79 ,"175 g, $50.23/1kg",Deli Meat,/p/20682855_EA
"Natural Selections Shaved Deli Turkey Breast, Oven Roasted, Family Size",$10.49 ,$13.99 ,"375 g, $27.97/1kg",Deli Meat,/p/20772016_EA
"Natural Selections Sliced Deli Ham, Baked",$8.99 ,$8.99 ,"175 g, $51.37/1kg",Deli Meat,/p/20060489_EA
Prosciutto,$7.49 ,$7.49 ,"100 g, $7.49/100g",Deli Meat,/p/20581660_EA
Traditional Black Forest Ham (Thin Sliced),$4.40 ,$4.40 ,$44.00/1kg,Deli Meat,/p/20301724_KG
Chicken Strips,$6.00 ,$6.00 ,"200 g, $3.00/100g",Deli Meat,/p/20960140_EA
Prosciutto,$6.00 ,$6.00 ,"100 g, $6.00/100g",Deli Meat,/p/21049131_EA
Trio Hot Dry Cured Ital,$9.99 ,$10.49 ,"150 g, $6.66/100g",Deli Meat,/p/21456260_EA
Black Forest Ham Naturally Smoked Extra Lean,$5.99 ,$5.99 ,"175 g, $3.42/100g",Deli Meat,/p/21528258_EA
Honey Garlic Meat Sticks,$8.99 ,$8.99 ,"450 g, $2.00/100g",Deli Meat,/p/21337026_EA
Oven Roasted Chicken Breast (Thin Sliced),$3.80 ,$3.80 ,$38.00/1kg,Deli Meat,/p/20167133_KG
Honey Garlic Meat Sticks,$8.99 ,$8.99 ,"450 g, $2.00/100g",Deli Meat,/p/21337026_EA
"Fennel, Herbs & Garlic Salami Dry Cured",$7.00 ,$7.00 ,"100 g, $7.00/100g",Deli Meat,/p/21551711_EA
Pepperoni,$11.00 ,$11.00 ,"1 kg, $1.10/100g",Deli Meat,/p/20640153_EA
"Bologna, Club Pack",$14.00 ,$14.00 ,"3x500.0 g, $0.93/100g",Deli Meat,/p/20063873_EA
Lyoner Sausage,$14.49 ,$14.49 ,"1 kg, $1,449.00/100kg",Deli Meat,/p/20097889_EA
Oven Roasted Turkey Breast Strips,$16.99 ,$16.99 ,"300 g, $5.66/100g",Deli Meat,/p/21206376_EA
Extra Lean Cooked Turkey (Thin Sliced),$3.50 ,$3.50 ,$35.00/1kg,Deli Meat,/p/20299196_KG
Hardwood Smoked Thuringer Sausage,$11.99 ,$11.99 ,"500 g, $2.40/100g",Deli Meat,/p/21115603_EA
"Bologna, Thick",$5.00 ,$5.00 ,"500 g, $10.00/1kg",Deli Meat,/p/20155030_EA
Trio Hot Dry Cured Ital,$9.99 ,$10.49 ,"150 g, $6.66/100g",Deli Meat,/p/21456260_EA
Pepperoni Hot Sliced,$11.79 ,$11.79 ,"900 g, $1.31/100g",Deli Meat,/p/21217405_EA
"Smoked Summer Sausage, Sliced",$5.00 ,$5.00 ,"500 g, $10.00/1kg",Deli Meat,/p/20151390_EA
Honey Ham Stick,$13.99 ,$13.99 ,"500 g, $27.98/1kg",Deli Meat,/p/20175929_EA
Euro Style Bologna,$3.30 ,$3.30 ,$33.00/1kg,Deli Meat,/p/21124415_KG
Ham Sausage Sticks With Cheddar Cheese,$11.99 ,$11.99 ,"300 g, $4.00/100g",Deli Meat,/p/21531463_EA
"Natural Selections Shaved Deli Ham, Italian Style",$8.99 ,$8.99 ,"175 g, $51.37/1kg",Deli Meat,/p/20582321_EA
Smoked Black Forest Sliced Ham,$2.90 ,$2.90 ,$29.00/1kg,Deli Meat,/p/20734552_KG
Toppings Pepperoni Cup & Char Semi-Dry Cured,$7.99 ,$7.99 ,"175 g, $4.57/100g",Deli Meat,/p/21493437_EA
European Discovery,$12.49 ,$12.49 ,"200 g, $6.25/100g",Deli Meat,/p/21313142_EA
"Cervelat Salami, Sliced",$8.79 ,$8.79 ,"125 g, $70.32/1kg",Deli Meat,/p/20700976_EA
Medley Salami,$4.00 ,$4.00 ,$40.00/1kg,Deli Meat,/p/20960542_KG
Natural Choice Mild Spanish-Style Chorizo Semi-Dry Cured Sausage,$9.99 ,$9.99 ,"250 g, $4.00/100g",Deli Meat,/p/20938085_EA
Farmer Sausage Mennonite Style,$10.99 ,$10.99 ,"300 g, $3.66/100g",Deli Meat,/p/21527232_EA
Garlic Sausage Ring,$5.00 ,$5.00 ,"300 g, $1.67/100g",Deli Meat,/p/20626597_EA
San Daniele Panini Trio    ,$9.99 ,$9.99 ,"150 g, $66.60/1kg",Deli Meat,/p/20178884_EA
Salami Chub,$6.00 ,$6.00 ,"500 g, $12.00/1kg",Deli Meat,/p/20176087_EA
Pepper Salami,$3.30 ,$3.30 ,$33.00/1kg,Deli Meat,/p/20755851_KG
Hungarian Salami,$8.79 ,$8.79 ,"125 g, $70.32/1kg",Deli Meat,/p/20581508_EA
Asiago & Cracked Black Pepper Salami Dry Cured,$10.99 ,$10.99 ,"175 g, $6.28/100g",Deli Meat,/p/21551550_EA
Bavarian Meatloaf,$3.30 ,$3.30 ,$33.00/1kg,Deli Meat,/p/21014594_KG
Free From Pepperello,$15.99 ,$15.99 ,"375 g, $42.64/1kg",Deli Meat,/p/20682944_EA
Cervelat Salami,$9.49 ,$9.49 ,"250 g, $3.80/100g",Deli Meat,/p/20889122_EA
"Natural Selections Shaved Deli Chicken Breast, Oven Roasted, Family Size",$10.49 ,$13.99 ,"375 g, $27.97/1kg",Deli Meat,/p/20772225_EA
Natural Selections Mild Genoa Salami,$7.99 ,$7.99 ,"150 g, $5.33/100g",Deli Meat,/p/21533286_EA
Dry Summer Sausage,$7.99 ,$7.99 ,"150 g, $5.33/100g",Deli Meat,/p/21550983_EA
"Genoa Salami, Mild",$6.00 ,$6.00 ,"150 g, $40.00/1kg",Deli Meat,/p/20103918_EA
Dry Chorizo Sausage,$7.00 ,$7.00 ,"175 g, $4.00/100g",Deli Meat,/p/21551583_EA
Sliced Prosciutto Club Pack,$10.00 ,$10.00 ,"200 g, $5.00/100g",Deli Meat,/p/21377490_EA
Sopressata Salami,$6.00 ,$6.00 ,"150 g, $40.00/1kg",Deli Meat,/p/20313149_EA
"Free From Black Forrest Ham, Club Pack",$15.99 ,$15.99 ,"400 g, $39.98/1kg",Deli Meat,/p/20903492_EA
Prosciutto,$6.49 ,$6.49 ,"100 g, $64.90/1kg",Deli Meat,/p/20864839_EA
Maple Smoked Ham Slices,$7.99 ,$7.99 ,"175 g, $4.57/100g",Deli Meat,/p/21556968_EA
Mortadella Bologna,$4.49 ,$4.49 ,"125 g, $3.59/100g",Deli Meat,/p/21383148_EA
Oven Roasted Turkey,$7.99 ,$7.99 ,"175 g, $45.66/1kg",Deli Meat,/p/20332979_EA
"Italian-Style Salami Trio, Club Pack",$10.99 ,$10.99 ,"250 g, $4.40/100g",Deli Meat,/p/21509539_EA
Turkey Kolbassa ,$6.00 ,$6.00 ,"250 g, $2.40/100g",Deli Meat,/p/21400151_EA
"Italian Pancetta, Diced",$6.79 ,$6.79 ,"150 g, $45.27/1kg",Deli Meat,/p/20049345_EA
"Antipasto, Club Pack",$11.99 ,$11.99 ,"200 g, $6.00/100g",Deli Meat,/p/21049119_EA
Antipasto Quattro     ,$12.49 ,$12.49 ,"200 g, $6.25/100g",Deli Meat,/p/21206369_EA
Sausage,$8.99 ,$8.99 ,"300 g, $3.00/100g",Deli Meat,/p/21177125_EA
Mortadella Chub (Thin Sliced),$3.70 ,$3.70 ,$37.00/1kg,Deli Meat,/p/20080409_KG
Pepperoni Meat Sticks,$8.99 ,$8.99 ,"450 g, $2.00/100g",Deli Meat,/p/21337025_EA
Beer Sausage Sticks,$15.49 ,$15.49 ,"375 g, $4.13/100g",Deli Meat,/p/21049623_EA
Salami,$11.00 ,$11.00 ,"1 kg, $1.10/100g",Deli Meat,/p/20630256_EA
Salami Sausage,$18.49 ,$18.49 ,"1 kg, $1.85/100g",Deli Meat,/p/20357347_EA
"Pepperettes® Sausage Sticks, Hot Pepperoni",$10.99 ,$10.99 ,"375 g, $2.93/100g",Deli Meat,/p/21053172_EA
Kielbasa,$11.49 ,$11.49 ,"500 g, $2.30/100g",Deli Meat,/p/21215523_EA
Mediterranean Chicken Breast,$3.80 ,$3.80 ,$38.00/1kg,Deli Meat,/p/20301114_KG
"Salami, Sliced",$5.00 ,$5.00 ,"500 g, $10.00/1kg",Deli Meat,/p/20051959_EA
Halal Sliced Chicken Bologna,$6.49 ,$6.49 ,"500 g, $1.30/100g",Deli Meat,/p/21020646_EA
Ukrainian Style Garlic Sausage,$5.00 ,$5.00 ,"300 g, $1.67/100g",Deli Meat,/p/20626625_EA
Coppa Di Parma,$6.00 ,$6.00 ,"100 g, $6.00/100g",Deli Meat,/p/21049115_EA
"Charcuterie Trio Salami, Dry Cured, Cheese Lovers",$7.99 ,$7.99 ,"125 g, $6.39/100g",Deli Meat,/p/21533537_EA
Honey Garlic Pepperoni,$13.99 ,$13.99 ,"500 g, $27.98/1kg",Deli Meat,/p/20322436_EA
Smoked Turkey Ring,$9.99 ,$9.99 ,"300 g, $33.30/1kg",Deli Meat,/p/20309398_EA
Chinese Pork Sausage,$7.49 ,$7.49 ,"375 g, $2.00/100g",Deli Meat,/p/21473752_EA
Mild Genoa Salami,$6.00 ,$6.00 ,"100 g, $6.00/100g",Deli Meat,/p/21049398_EA
Vino Rosso Sliced Dry Salami,$7.00 ,$7.00 ,"125 g, $5.60/100g",Deli Meat,/p/21551604_EA
Salametti Hot Chub    ,$8.99 ,$8.99 ,"300 g, $29.97/1kg",Deli Meat,/p/20046483_EA
Smoked Black Forest Ham,$5.00 ,$5.00 ,"150 g, $3.33/100g",Deli Meat,/p/21455819_EA
"Pepperoni, Pizza Cut",$7.79 ,$7.79 ,"175 g, $44.51/1kg",Deli Meat,/p/20832437_EA
Cooked Ham & Smoked Turkey Breast Combo Pack,$15.49 ,$15.49 ,"500 g, $3.10/100g",Deli Meat,/p/21455822_EA
"Capocollo, Sliced",$3.49 ,$5.49 ,"125 g, $27.92/1kg",Deli Meat,/p/20577341_EA
Smoked Turkey Breast,$15.49 ,$15.49 ,"500 g, $3.10/100g",Deli Meat,/p/21460801_EA
Roast Beef,$3.60 ,$3.60 ,$36.00/1kg,Deli Meat,/p/21020479_KG
Lean Prosciutto Cotto (Thin Sliced),$3.90 ,$3.90 ,$39.00/1kg,Deli Meat,/p/20163535_KG
Cervelat Salami,$3.30 ,$3.30 ,$33.00/1kg,Deli Meat,/p/20755810_KG
"Genoa Salami, Mild (Thin Sliced)",$3.30 ,$3.30 ,$33.00/1kg,Deli Meat,/p/20089177_KG
"Bologna, Sliced All Beef",$3.00 ,$3.00 ,"175 g, $17.14/1kg",Deli Meat,/p/20130540_EA
Summer Sausage,$11.00 ,$11.00 ,"1 kg, $1.10/100g",Deli Meat,/p/20642653_EA
"Pepperoni, Sliced",$5.00 ,$5.00 ,"500 g, $10.00/1kg",Deli Meat,/p/20189849_EA
Chorizo Salami,$12.49 ,$12.49 ,"500 g, $2.50/100g",Deli Meat,/p/21456268_EA
Canadian Back Bacon (Thin Sliced),$3.90 ,$3.90 ,$39.00/1kg,Deli Meat,/p/20713414_KG
Summer Sausage Chub,$6.00 ,$6.00 ,"500 g, $1.20/100g",Deli Meat,/p/20015714_EA
Garlic Sausage,$9.99 ,$9.99 ,"500 g, $2.00/100g",Deli Meat,/p/21039639_EA
Country Style Pork Pâté With Garlic,$4.99 ,$4.99 ,"150 g, $3.33/100g",Deli Meat,/p/21043322_EA
Turkey Strips,$6.00 ,$6.00 ,"150 g, $4.00/100g",Deli Meat,/p/20960414_EA
"Prosciutto, Club Pack",$11.99 ,$11.99 ,"200 g, $6.00/100g",Deli Meat,/p/21049122_EA
Turkey Bites Smoked Turkey Sausage Spicy,$9.99 ,$9.99 ,"300 g, $33.30/1kg",Deli Meat,/p/20582987_EA
"Mortadella, Light",$3.49 ,$4.49 ,"175 g, $19.94/1kg",Deli Meat,/p/20577183_EA
"Free From Oven Roasted Turkey, Club Pack",$15.99 ,$15.99 ,"375 g, $4.26/100g",Deli Meat,/p/20923814_EA
Cooked Italian Meat Trio,$9.99 ,$10.99 ,"250 g, $4.00/100g",Deli Meat,/p/21064064_EA
Salametti Mild     ,$8.99 ,$8.99 ,"300 g, $29.97/1kg",Deli Meat,/p/20303790_EA
Smoked Black Forest Ham,$13.99 ,$13.99 ,"600 g, $2.33/100g",Deli Meat,/p/21455821_EA
Free From Oven-Roasted Chicken Breast,$8.79 ,$8.79 ,"175 g, $5.02/100g",Deli Meat,/p/21002684_EA
Free From Oven-Roasted Chicken Breast,$15.99 ,$15.99 ,"375 g, $4.26/100g",Deli Meat,/p/21076606_EA
Free From Oven-Roasted Chicken Breast,$15.99 ,$15.99 ,"375 g, $4.26/100g",Deli Meat,/p/21076606_EA
Submarine Pack,$7.79 ,$7.79 ,"175 g, $4.45/100g",Deli Meat,/p/21124418_EA
Polish-Style Garlic Sausage,$5.00 ,$5.00 ,"300 g, $1.67/100g",Deli Meat,/p/20642429_EA
Hot Genoa Salami,$3.30 ,$3.30 ,$33.00/1kg,Deli Meat,/p/20103025_KG
Cooked Ham,$4.99 ,$4.99 ,"375 g, $1.33/100g",Deli Meat,/p/21051028_EA
Mild Genoa Salami,$3.70 ,$3.70 ,$37.00/1kg,Deli Meat,/p/21049378_KG
Ma European Charcuterie    ,$6.49 ,$6.49 ,"100 g, $6.49/100g",Deli Meat,/p/21289363_EA
Beef Bologna,$7.99 ,$7.99 ,"375 g, $2.13/100g",Deli Meat,/p/21177161_EA
Bologna Chub,$1.65 ,$1.65 ,$16.51/1kg,Deli Meat,/p/20052177_KG
"Garlic Sausage, Club Pack",$22.00 ,$22.00 ,"4x500.0 g, $1.10/100g",Deli Meat,/p/20073381_EA
Extra Lean Cooked Chicken (Thin Sliced),$3.50 ,$3.50 ,$35.00/1kg,Deli Meat,/p/20311436_KG
Traditional All Beef Bologna,$5.99 ,$5.99 ,"375 g, $15.97/1kg",Deli Meat,/p/20604693_EA
Bologna,$17.00 ,$17.00 ,"2 kg, $850.00/100kg",Deli Meat,/p/20620486_EA
Free From Turkey Pepperellos,$15.99 ,$15.99 ,"300 g, $5.33/100g",Deli Meat,/p/21108029_EA
Soppressata Salami,$6.00 ,$6.00 ,"100 g, $6.00/100g",Deli Meat,/p/21049150_EA
Deli to Go Pepperoni Honey & Garli,$15.99 ,$15.99 ,"600 g, $2.67/100g",Deli Meat,/p/21362971_EA
"Bologna, Sliced",$7.99 ,$7.99 ,"375 g, $21.31/1kg",Deli Meat,/p/20806201_EA
Kolbassa Sausage,$10.99 ,$10.99 ,"300 g, $3.66/100g",Deli Meat,/p/21531801_EA
Sausage Lyoner,$7.79 ,$7.79 ,"175 g, $44.51/1kg",Deli Meat,/p/20701626_EA
"Smokies, All Beef Sizzlin",$8.99 ,$8.99 ,"450 g, $2.00/100g",Deli Meat,/p/20709756_EA
Double Smoked Pepperoni Sticks,$13.99 ,$13.99 ,"500 g, $27.98/1kg",Deli Meat,/p/20149696_EA
"Extra Lean Chicken Breast, Piri Piri Portuguese Style ",$3.80 ,$3.80 ,$38.00/1kg,Deli Meat,/p/20310696_KG
Traditional Black Forest Ham,$7.99 ,$7.99 ,"175 g, $45.66/1kg",Deli Meat,/p/20310580_EA
Pepe Nero Cooked Sliced Capicollo,$7.00 ,$7.00 ,"100 g, $7.00/100g",Deli Meat,/p/21551694_EA
Natural Choice Hot Spanish-Style Chorizo Semi-Dry Cured Sausage,$9.99 ,$9.99 ,"250 g, $4.00/100g",Deli Meat,/p/20937902_EA
Genoa Salami (Thin Sliced),$3.20 ,$3.20 ,$32.00/1kg,Deli Meat,/p/20087761_KG
Honey Ham,$1.99 ,$1.99 ,55 g,Deli Meat,/p/20664762_EA
Hungarian Salami (Thin Sliced),$3.30 ,$3.30 ,$33.00/1kg,Deli Meat,/p/20755770_KG
"Pepperettes Bites Sausage Snacks, European",$10.99 ,$10.99 ,"250 g, $4.40/100g",Deli Meat,/p/21354912_EA
"San Daniele Charcuterie Trio Value Pack - Genoa Salami, salami with prosciutto, prosciutto",$9.99 ,$11.99 ,"250 g, $4.00/100g",Deli Meat,/p/21378151_EA
European Wieners,$13.99 ,$13.99 ,"500 g, $27.98/1kg",Deli Meat,/p/20059484_EA
Mild Pepperoni & Real Cheddar Cheese Sticks Original,$8.99 ,$8.99 ,"150 g, $5.99/100g",Deli Meat,/p/20990340_EA
Extra Lean Cooked Ham,$3.60 ,$3.60 ,$36.00/1kg,Deli Meat,/p/20313480_KG
Kaiser Jagdwurst Sausage,$2.70 ,$2.70 ,$27.00/1kg,Deli Meat,/p/21371971_KG
Mesquite Turkey Breast,$4.40 ,$4.40 ,$44.00/1kg,Deli Meat,/p/20057322_KG
Smoked Black Forest Ham & Seasoned Turkey Breast Combo Pack,$15.49 ,$15.49 ,"500 g, $3.10/100g",Deli Meat,/p/21455820_EA
Smoked Turkey Breast,$5.00 ,$5.00 ,"100 g, $5.00/100g",Deli Meat,/p/21455830_EA
Prosciutto Cotto,$3.49 ,$5.49 ,"125 g, $27.92/1kg",Deli Meat,/p/20576742_EA
Smoked Kolbassa Sausage,$7.99 ,$7.99 ,"375 g, $2.13/100g",Deli Meat,/p/21396884_EA
"Cacciatore Salami, Mild",$12.99 ,$12.99 ,"300 g, $4.33/100g",Deli Meat,/p/21021491_EA
Smoked Turkey Kielbasa,$6.00 ,$6.00 ,"300 g, $2.00/100g",Deli Meat,/p/20975073_EA
"Free From Honey Ham, Club Pack",$15.99 ,$15.99 ,"400 g, $39.98/1kg",Deli Meat,/p/20903241_EA
Salami Genoa,$11.99 ,$11.99 ,"600 g, $2.00/100g",Deli Meat,/p/20181136_EA
Smoked Honey Ham,$13.99 ,$13.99 ,"600 g, $2.33/100g",Deli Meat,/p/21455823_EA
Calabrese Salami,$6.00 ,$6.00 ,"150 g, $40.00/1kg",Deli Meat,/p/20326648_EA
"Salami Genoa, Hot Baby",$11.99 ,$11.99 ,"600 g, $19.98/1kg",Deli Meat,/p/20302356_EA
Parma Dry Cured Artisanal Salame,$9.49 ,$9.49 ,"225 g, $4.22/100g",Deli Meat,/p/21337522_EA
Herbed Turkey Breast,$7.99 ,$7.99 ,"150 g, $5.33/100g",Deli Meat,/p/21550799_EA
"Salami Genoa, Hot Baby",$11.99 ,$11.99 ,"600 g, $19.98/1kg",Deli Meat,/p/20302356_EA
European Frankfurters,$17.49 ,$17.49 ,"600 g, $2.92/100g",Deli Meat,/p/21085913_EA
Turkey Breast Strips,$12.99 ,$12.99 ,"300 g, $43.30/1kg",Deli Meat,/p/20787399_EA
"Prosciutto ""Silver""",$4.00 ,$4.00 ,$40.00/1kg,Deli Meat,/p/21046654_KG
Deli to Go Pepperoni Original,$13.99 ,$13.99 ,"600 g, $2.33/100g",Deli Meat,/p/21381330_EA
Calabrese Spicy Salami (Thin Sliced),$3.20 ,$3.20 ,$32.00/1kg,Deli Meat,/p/20321514_KG
Naturally Smoked Kolbassa Sausage Ring,$10.49 ,$10.49 ,"300 g, $3.50/100g",Deli Meat,/p/21055148_EA
Ham Sausage,$18.49 ,$18.49 ,"1 kg, $1.85/100g",Deli Meat,/p/20013698_EA
Hot Genoa Salami,$6.00 ,$6.00 ,"100 g, $6.00/100g",Deli Meat,/p/21049387_EA
Lyoner Sausage,$3.00 ,$3.00 ,$30.00/1kg,Deli Meat,/p/20648285_KG
Parmigiano E Pepe Nero Glazed Dry Salami,$7.00 ,$7.00 ,"100 g, $7.00/100g",Deli Meat,/p/21551702_EA
Salami Prosciutto,$6.00 ,$6.00 ,"100 g, $6.00/100g",Deli Meat,/p/21049133_EA
European Charcuterie,$11.99 ,$11.99 ,"175 g, $6.85/100g",Deli Meat,/p/21289949_EA
"Blue Menu Turkey Breast, Tomato Basil (Thin Sliced)",$4.50 ,$4.50 ,$45.00/1kg,Deli Meat,/p/20308072_KG
Free From Black Forrest Ham,$4.90 ,$4.90 ,$49.00/1kg,Deli Meat,/p/20972654_KG
"Pepperoni Sticks, Hot",$13.99 ,$13.99 ,"500 g, $27.98/1kg",Deli Meat,/p/20318832_EA
Kielbasa Turkey 300 g,$7.49 ,$7.49 ,"300 g, $2.50/100g",Deli Meat,/p/21163011_EA
Pizza Pack,$7.79 ,$7.79 ,"175 g, $4.45/100g",Deli Meat,/p/21124424_EA
Naturally Smoked Ham Sausage Ring,$10.49 ,$10.49 ,"300 g, $3.50/100g",Deli Meat,/p/21056402_EA
Hot Capocollo,$3.80 ,$3.80 ,$38.00/1kg,Deli Meat,/p/20139405_KG
Prosciutto,$4.40 ,$4.40 ,$44.00/1kg,Deli Meat,/p/21049241_KG
Prosciutto Family Size,$13.49 ,$13.49 ,"200 g, $6.75/100g",Deli Meat,/p/21290208_EA
Pepper Salami,$8.79 ,$8.79 ,"125 g, $70.32/1kg",Deli Meat,/p/20581763_EA
Home-style Garlic Sausage Ring,$8.99 ,$8.99 ,"300 g, $3.00/100g",Deli Meat,/p/20002972_EA
Sausage Thuringer,$7.99 ,$7.99 ,"375 g, $2.13/100g",Deli Meat,/p/21095453_EA
"Oven Roasted Ham, Rosemary (Thin Sliced)",$3.20 ,$3.20 ,$32.00/1kg,Deli Meat,/p/20164332_KG
Slow Cooked Angus Roast Beef (Thin Sliced),$4.40 ,$4.40 ,$44.00/1kg,Deli Meat,/p/20155374_KG
"Pepperettes Bites Sausage Snacks, Pepperoni",$10.99 ,$10.99 ,"300 g, $3.66/100g",Deli Meat,/p/21354904_EA
Home Style Roast Beef Extra Lean,$5.99 ,$5.99 ,"125 g, $4.79/100g",Deli Meat,/p/21528200_EA
Ham Sausage Ring 600 g,$13.79 ,$13.79 ,"600 g, $2.30/100g",Deli Meat,/p/21105532_EA
"Black Olives, Orange Zest & Chilies Salami Dry Cured",$7.00 ,$7.00 ,"100 g, $7.00/100g",Deli Meat,/p/21551721_EA
Calabrese Salami,$6.00 ,$6.00 ,"100 g, $6.00/100g",Deli Meat,/p/21049145_EA
Headcheese Chub,$12.49 ,$12.49 ,"500 g, $24.98/1kg",Deli Meat,/p/20150309_EA
Oven Roasted Chicken Breast Strips,$16.99 ,$16.99 ,"300 g, $5.66/100g",Deli Meat,/p/21206375_EA
"Bologna, Sliced",$5.00 ,$5.00 ,"500 g, $10.00/1kg",Deli Meat,/p/20090732_EA
Corned Beef,$3.60 ,$3.60 ,$36.00/1kg,Deli Meat,/p/21020585_KG
Extra Lean Smoked Chicken (Thin Sliced),$3.50 ,$3.50 ,$35.00/1kg,Deli Meat,/p/20299046_KG
Country-Style Pork & Goose Pâté With Cranberry,$4.99 ,$4.99 ,"150 g, $4.99/100g",Deli Meat,/p/21044359_EA
Oven Roasted Turkey Breast,$7.99 ,$7.99 ,"175 g, $45.66/1kg",Deli Meat,/p/20326202_EA
Pepper Coated Salami,$6.00 ,$6.00 ,"125 g, $4.80/100g",Deli Meat,/p/21456329_EA
Sliced Turkey Pepperoni,$5.00 ,$5.00 ,"175 g, $2.86/100g",Deli Meat,/p/21434499_EA
Original Salametti,$7.00 ,$7.00 ,"175 g, $4.00/100g",Deli Meat,/p/21551515_EA
Marc Angelo Salami with Prosciutto 225 g,$9.49 ,$9.49 ,"225 g, $4.22/100g",Deli Meat,/p/21362680_EA
"Cacciatore Salami, Hot",$12.99 ,$12.99 ,"300 g, $4.33/100g",Deli Meat,/p/21021493_EA
Diced Original Cooked Pancetta,$7.00 ,$7.00 ,"125 g, $5.60/100g",Deli Meat,/p/21551779_EA
3 Ingredients Oven Roasted Turkey Breast,$7.99 ,$7.99 ,"125 g, $6.39/100g",Deli Meat,/p/21550723_EA
Fully Cooked Sausage Crumble,$3.99 ,$3.99 ,"150 g, $2.66/100g",Deli Meat,/p/21463330_EA
Pizza Trio Pack,$7.00 ,$7.00 ,"300 g, $2.33/100g",Deli Meat,/p/21551036_EA
Nc Or Turkey Breast,$12.99 ,$12.99 ,"375 g, $3.46/100g",Deli Meat,/p/21301457_EA
Italian-Style Chicken Breast Strips ,$6.00 ,$6.00 ,"200 g, $3.00/100g",Deli Meat,/p/21378587_EA
Smoked Black Forest Ham,$7.99 ,$7.99 ,"175 g, $4.57/100g",Deli Meat,/p/21550791_EA
Sliced Dry Pepperoni,$7.00 ,$7.00 ,"200 g, $3.50/100g",Deli Meat,/p/21551608_EA
Original Chicken Strips,$13.99 ,$13.99 ,"500 g, $2.80/100g",Deli Meat,/p/21299922_EA
Splendido Dry-Cured Salami Cacciatore with Prosciutto ,$8.49 ,$8.49 ,"225 g, $3.77/100g",Deli Meat,/p/21449787_EA
Sliced Pepperoni,$5.00 ,$5.00 ,"200 g, $2.50/100g",Deli Meat,/p/21455816_EA
Genoa Hot Salami,$7.99 ,$7.99 ,"150 g, $5.33/100g",Deli Meat,/p/21061096_EA
Signature Deli,$9.99 ,$9.99 ,"175 g, $5.71/100g",Deli Meat,/p/21531430_EA
Chicken Bologna,$3.99 ,$3.99 ,"375 g, $10.64/1kg",Deli Meat,/p/20088355_EA
"Mini Peps, Original",$10.99 ,$10.99 ,"375 g, $29.31/1kg",Deli Meat,/p/20874382_EA
Pizza Pepperoni,$2.60 ,$2.60 ,$26.00/1kg,Deli Meat,/p/20731697_KG
Double Smoked Ukrainian Sausage,$10.99 ,$10.99 ,"300 g, $3.66/100g",Deli Meat,/p/21533755_EA
Ham Sausage with Garlic Ring,$7.99 ,$7.99 ,"300 g, $2.66/100g",Deli Meat,/p/20168548_EA
"Cooked Chicken Breast, Cajun",$3.50 ,$3.50 ,$35.00/1kg,Deli Meat,/p/20782900_KG
Salami Genoa Hot,$10.00 ,$10.00 ,"375 g, $2.67/100g",Deli Meat,/p/21114914_EA
German Salami,$7.99 ,$7.99 ,"150 g, $5.33/100g",Deli Meat,/p/21550982_EA
Sliced Salami Charcuterie Meat Trio,$7.00 ,$7.00 ,"100 g, $7.00/100g",Deli Meat,/p/21551827_EA
Salami Genoa,$10.00 ,$10.00 ,"375 g, $2.67/100g",Deli Meat,/p/21114952_EA
Honey Maple Turkey Breast,$7.99 ,$7.99 ,"175 g, $4.57/100g",Deli Meat,/p/20924959_EA
"Natural Selections Shaved Deli Turkey Breast, Hickory Smoked, Family Size",$10.49 ,$13.99 ,"375 g, $2.80/100g",Deli Meat,/p/21478011_EA
Ham Sausage Ring,$9.99 ,$9.99 ,"300 g, $33.30/1kg",Deli Meat,/p/20187879_EA
Damn Hot Pepperoni Sticks,$13.99 ,$13.99 ,"500 g, $27.98/1kg",Deli Meat,/p/20362870_EA
Pepperoni,$11.99 ,$11.99 ,"500 g, $2.40/100g",Deli Meat,/p/21115671_EA
Chopped Ham Cooked Sliced,$6.00 ,$6.00 ,"375 g, $1.60/100g",Deli Meat,/p/21064389_EA
Bologna,$8.00 ,$8.00 ,"750 g, $10.67/1kg",Deli Meat,/p/20653408_EA
"Dry Pepperoni Sticks, Honey Garlic",$13.99 ,$13.99 ,"500 g, $27.98/1kg",Deli Meat,/p/20296154_EA
Smoked Turkey Sausage,$13.99 ,$13.99 ,"600 g, $2.33/100g",Deli Meat,/p/21027977_EA
Spicy Pepperoni,$6.00 ,$6.00 ,"250 g, $2.40/100g",Deli Meat,/p/21337298_EA
Cooked Ham,$4.00 ,$4.00 ,"175 g, $2.29/100g",Deli Meat,/p/21063830_EA
Bologna,$3.00 ,$3.00 ,"175 g, $17.14/1kg",Deli Meat,/p/20006453_EA
"Sundried Tomato, Chilies & Fennel Salami Dry Cured",$10.99 ,$10.99 ,"175 g, $6.28/100g",Deli Meat,/p/21552023_EA
Salami With Prosciutto (Thin Sliced),$3.20 ,$3.20 ,$32.00/1kg,Deli Meat,/p/20321880_KG
Montreal Style Smoked Beef Naturally Smoked Extra Lean,$5.99 ,$5.99 ,"125 g, $4.79/100g",Deli Meat,/p/21528198_EA
"Charcuterie Trio Salami, Dry Cured, Happy Hour ",$7.99 ,$7.99 ,"125 g, $6.39/100g",Deli Meat,/p/21533532_EA
Chicken Breast Strips,$12.99 ,$12.99 ,"375 g, $34.64/1kg",Deli Meat,/p/20786418_EA
Bologna,$2.30 ,$2.30 ,$23.00/1kg,Deli Meat,/p/21027388_KG
Buffalo Style Chicken Breast (Thin Sliced),$3.90 ,$3.90 ,$39.00/1kg,Deli Meat,/p/20323331_KG
Salami Sausage,$7.99 ,$7.99 ,"375 g, $2.13/100g",Deli Meat,/p/20031471_EA
Salami Cervelat Dry Cured,$6.00 ,$6.00 ,"175 g, $34.29/1kg",Deli Meat,/p/20826831_EA
Fine Liver,$8.99 ,$8.99 ,"250 g, $3.60/100g",Deli Meat,/p/20008349_EA
"Mini Peps, Honey & Garlic",$10.99 ,$10.99 ,"375 g, $29.31/1kg",Deli Meat,/p/20874756_EA
Blue Ribbon Thick Sliced Bologna,$5.99 ,$5.99 ,"500 g, $11.98/1kg",Deli Meat,/p/20095530_EA
Turkey Kolbassa Sausage,$9.99 ,$9.99 ,"300 g, $3.33/100g",Deli Meat,/p/21531418_EA
"Turkey, Sliced",$1.99 ,$1.99 ,"55 g, $36.18/1kg",Deli Meat,/p/20662015_EA
Chicken Bologna,$3.00 ,$3.00 ,"375 g, $8.00/1kg",Deli Meat,/p/20103516_EA
Dry Beer Sticks,$13.99 ,$13.99 ,"500 g, $27.98/1kg",Deli Meat,/p/20433012_EA
Country-Style Pork & Ham Pâté,$4.99 ,$4.99 ,"150 g, $3.33/100g",Deli Meat,/p/21044319_EA
Sliced Tapas Assortment Spanish Trio,$6.99 ,$6.99 ,"150 g, $4.66/100g",Deli Meat,/p/21208154_EA
"Capocollo, Hot",$3.49 ,$5.49 ,"125 g, $27.92/1kg",Deli Meat,/p/20577602_EA
Natural Choice Mediterranean Chicken Breast,$6.99 ,$6.99 ,"175 g, $39.94/1kg",Deli Meat,/p/20311865_EA
Natural Selections Shaved Roast Beef Deli Meat,$8.99 ,$8.99 ,"150 g, $5.99/100g",Deli Meat,/p/21379026_EA
"Genoa Salami, Hot",$6.00 ,$6.00 ,"150 g, $40.00/1kg",Deli Meat,/p/20308327_EA
Pork & Chicken Liver Pâté With Black Pepper,$4.99 ,$4.99 ,"150 g, $3.33/100g",Deli Meat,/p/21043073_EA
Fully Cooked Diced Smoked Ham ,$3.99 ,$3.99 ,"150 g, $2.66/100g",Deli Meat,/p/21463309_EA
Corned Beef,$6.00 ,$6.00 ,"250 g, $24.00/1kg",Deli Meat,/p/20867918_EA
Buffalo-Style Chicken Breast Strips ,$6.00 ,$6.00 ,"200 g, $3.00/100g",Deli Meat,/p/21378575_EA
Smoked Turkey Pastrami,$6.00 ,$6.00 ,"300 g, $2.00/100g",Deli Meat,/p/20975281_EA
Antipasto Misto ,$6.49 ,$6.49 ,"100 g, $64.90/1kg",Deli Meat,/p/20865352_EA
Splendido Dry-Cured Salami Cacciatore Mild,$8.49 ,$8.49 ,"225 g, $3.77/100g",Deli Meat,/p/21449780_EA
Splendido Dry-Cured Salami Cacciatore Hot ,$8.49 ,$8.49 ,"225 g, $3.77/100g",Deli Meat,/p/21449758_EA
Salami,$5.00 ,$5.00 ,"200 g, $2.50/100g",Deli Meat,/p/21455817_EA
Italian-Style Chicken Breast Strips,$13.99 ,$13.99 ,"500 g, $2.80/100g",Deli Meat,/p/21299914_EA
"Salami Trio, Club Pack",$11.79 ,$11.79 ,"250 g, $4.72/100g",Deli Meat,/p/21109807_EA
Salami With Prosciutto,$6.00 ,$6.00 ,"150 g, $40.00/1kg",Deli Meat,/p/20315515_EA
Black Forrest Ham with Maple Syrup,$4.40 ,$4.40 ,$44.00/1kg,Deli Meat,/p/21105355_KG
"Pepperettes Sausage Sticks, Hot European",$10.99 ,$10.99 ,"300 g, $3.66/100g",Deli Meat,/p/21552836_EA
Ham Sausage Sticks Honey Sriracha Spicy,$11.99 ,$11.99 ,"300 g, $4.00/100g",Deli Meat,/p/21531461_EA
Summer Sausage,$3.00 ,$3.00 ,"175 g, $17.14/1kg",Deli Meat,/p/20096738_EA
"Pepperettes Sausage Sticks, Beef",$10.99 ,$10.99 ,"300 g, $3.66/100g",Deli Meat,/p/21378982_EA
Ukrainian Garlic Sausage,$12.49 ,$12.49 ,"375 g, $3.33/100g",Deli Meat,/p/21307299_EA
Garlic Sausage Coil,$10.00 ,$10.00 ,"750 g, $1.33/100g",Deli Meat,/p/20090793_EA
Mennonite Style Sausage,$8.99 ,$8.99 ,"300 g, $3.00/100g",Deli Meat,/p/21177114_EA
Beer Sausage,$3.30 ,$3.30 ,$33.00/1kg,Deli Meat,/p/21008428_KG
Charcuterie Trio Mediterranean,$9.99 ,$10.99 ,"150 g, $6.66/100g",Deli Meat,/p/21185629_EA
Angus Roast Beef,$7.99 ,$7.99 ,"175 g, $45.66/1kg",Deli Meat,/p/20871869_EA
German Style Deli Cuts ,$6.59 ,$6.59 ,"150 g, $4.39/100g",Deli Meat,/p/21396799_EA
Honey Ham Naturally Smoked Extra Lean,$5.99 ,$5.99 ,"175 g, $3.42/100g",Deli Meat,/p/21528195_EA
Carved Classic Turkey Breast Extra Lean,$7.49 ,$7.49 ,"150 g, $4.99/100g",Deli Meat,/p/21528254_EA
Sausage Ukrainian Garlic,$8.99 ,$8.99 ,"300 g, $3.00/100g",Deli Meat,/p/20079376_EA
Smoked Sausage Sticks Pepperoni Turkey and Chicken,$13.49 ,$13.49 ,"300 g, $4.50/100g",Deli Meat,/p/21525641_EA
"Turkey Breast, Honey Maple (Thin Sliced)",$4.50 ,$4.50 ,$45.00/1kg,Deli Meat,/p/20189619_KG
Pepperoni Sticks,$13.99 ,$13.99 ,"500 g, $27.98/1kg",Deli Meat,/p/20323265_EA
Salami Pizza,$3.10 ,$3.10 ,$31.00/1kg,Deli Meat,/p/20731696_KG
Char Red Wine Salami,$6.00 ,$6.00 ,"125 g, $4.80/100g",Deli Meat,/p/21455310_EA
Salami,$3.00 ,$3.00 ,"175 g, $17.14/1kg",Deli Meat,/p/20066714_EA
Dry Pepperoni Sticks,$15.49 ,$15.49 ,"375 g, $4.13/100g",Deli Meat,/p/21050409_EA
Sausage Paprika Lyoner,$14.49 ,$14.49 ,"1 kg, $1,449.00/100kg",Deli Meat,/p/20892688_EA
Pepperoni All Beef,$14.49 ,$14.49 ,"450 g, $3.22/100g",Deli Meat,/p/21531429_EA
"Pepperettes Sausage Sticks, Honey Garlic",$10.99 ,$10.99 ,"300 g, $3.66/100g",Deli Meat,/p/21433732_EA
Dry Pepperoni Sticks,$13.99 ,$13.99 ,"500 g, $27.98/1kg",Deli Meat,/p/20361952_EA
"Beef Bologna, Sliced",$6.00 ,$6.00 ,"500 g, $12.00/1kg",Deli Meat,/p/20064230_EA
Summer Sausage     ,$7.99 ,$7.99 ,"375 g, $21.31/1kg",Deli Meat,/p/20099217_EA
Sirloin Beef Strips,$12.99 ,$12.99 ,"300 g, $43.30/1kg",Deli Meat,/p/20787394_EA
Antipasto Quattro Family Size,$11.99 ,$11.99 ,"175 g, $6.85/100g",Deli Meat,/p/21290205_EA
"Long Pepperoni, Club Pack",$24.00 ,$24.00 ,"1.5 kg, $1,600.00/100kg",Deli Meat,/p/20185769_EA
German Style Deli Cuts ,$6.59 ,$6.59 ,"150 g, $4.39/100g",Deli Meat,/p/21396799_EA
Charcuterie Trio Mediterranean,$9.99 ,$10.99 ,"150 g, $6.66/100g",Deli Meat,/p/21185629_EA
Angus Roast Beef,$7.99 ,$7.99 ,"175 g, $45.66/1kg",Deli Meat,/p/20871869_EA
Smoked Meat Montreal Old Fashionned,$13.99 ,$13.99 ,"500 g, $2.80/100g",Deli Meat,/p/21182611_EA
Antipasto Quattro Family Size,$11.99 ,$11.99 ,"175 g, $6.85/100g",Deli Meat,/p/21290205_EA
Tuscan Style Salami Sticks Dry Cured,$9.99 ,$9.99 ,"300 g, $3.33/100g",Deli Meat,/p/21170544_EA
"Pepperoni, Sliced Club Pack",$12.99 ,$12.99 ,"500 g, $25.98/1kg",Deli Meat,/p/20040698_EA
Bologna $3,$3.29 ,$3.29 ,"250 g, $1.32/100g",Deli Meat,/p/21208666_EA
Free From Honey Ham,$8.79 ,$8.79 ,"175 g, $50.23/1kg",Deli Meat,/p/20682859_EA
Antipasto Misto ,$6.00 ,$6.00 ,"100 g, $6.00/100g",Deli Meat,/p/21050405_EA
Sandwich Trio Pack,$7.00 ,$7.00 ,"300 g, $2.33/100g",Deli Meat,/p/21551035_EA
5 Ingredients Smoked Black Forest Ham,$7.99 ,$7.99 ,"125 g, $6.39/100g",Deli Meat,/p/21550716_EA
Black Forest Ham,$12.99 ,$12.99 ,"400 g, $3.25/100g",Deli Meat,/p/21301478_EA
Original (6 x 20g),$4.00 ,$4.00 ,"120 g, $3.33/100g",Deli Cheese,/p/20574332_EA
Double Cream Brie Cheese,$6.49 ,$6.49 ,"200 g, $3.25/100g",Deli Cheese,/p/20787327_EA
"Cheese, Spreadable",$3.99 ,$3.99 ,"133 g, $3.00/100g",Deli Cheese,/p/20319107_EA
Feta Cheese Twin Pack,$8.00 ,$8.00 ,"280 g, $2.86/100g",Deli Cheese,/p/21100063_EA
"Original, 18 Pack",$12.49 ,$12.49 ,"360 g, $3.47/100g",Deli Cheese,/p/20575375_EA
Herbs Garlic Cheese,$6.99 ,$6.99 ,"150 g, $4.66/100g",Deli Cheese,/p/20116794_EA
Original Semi-soft Ripened Cheese 12 x 20g,$9.99 ,$9.99 ,"240 g, $4.16/100g",Deli Cheese,/p/20300620_EA
Garlic & Herb,$3.99 ,$3.99 ,"133 g, $3.00/100g",Deli Cheese,/p/20312146_EA
Parmigiano Reggiano Hard Ripened Cheese Aged 24 Months,$11.29 ,$11.29 ,"250 g, $4.52/100g",Deli Cheese,/p/21053434_EA
"Parmesan, Shredded",$8.99 ,$8.99 ,"140 g, $6.42/100g",Deli Cheese,/p/20563140_EA
Light,$3.99 ,$3.99 ,"133 g, $3.00/100g",Deli Cheese,/p/20183443_EA
Feta Cheese In Brine,$9.99 ,$9.99 ,"400 g, $2.50/100g",Deli Cheese,/p/20219690_EA
Cheddar Cheese Sliced Medium 33% M.F. Club Pack,$15.49 ,$15.49 ,"500 g, $3.10/100g",Deli Cheese,/p/20249826_EA
Sliced Swiss Cheese,$6.99 ,$6.99 ,"150 g, $4.66/100g",Deli Cheese,/p/20250947_EA
"Cheese Dippers, Original",$4.00 ,$4.00 ,"140 g, $2.86/100g",Deli Cheese,/p/21201454_EA
Creamy Havarti Cheese Slices,$6.99 ,$6.99 ,"160 g, $4.37/100g",Deli Cheese,/p/20219790_EA
Crumbled Goat's Milk Féta Cheese,$6.99 ,$6.99 ,"175 g, $3.99/100g",Deli Cheese,/p/20862068_EA
Mozzarella Ball,$8.99 ,$8.99 ,"340 g, $2.64/100g",Deli Cheese,/p/20189267_EA
Provolone Sliced Cheese,$6.99 ,$6.99 ,"150 g, $4.66/100g",Deli Cheese,/p/20217853_EA
Swiss Cheese Slices,$6.00 ,$6.00 ,"200 g, $3.00/100g",Deli Cheese,/p/20938600_EA
Sliced Marble Cheddar Cheese,$6.99 ,$6.99 ,"170 g, $4.11/100g",Deli Cheese,/p/20250268_EA
Sliced Medium Cheddar Cheese,$6.99 ,$6.99 ,"170 g, $4.11/100g",Deli Cheese,/p/20216643_EA
Bocconcini Mini Twin Pack,$8.00 ,$8.00 ,"240 g, $3.33/100g",Deli Cheese,/p/21100084_EA
Feta,$8.99 ,$8.99 ,"400 g, $2.25/100g",Deli Cheese,/p/20592952_EA
Ricotta Cheese,$6.99 ,$6.99 ,"454 g, $1.54/100g",Deli Cheese,/p/20546983_EA
Jalapeno,$3.99 ,$3.99 ,"133 g, $3.00/100g",Deli Cheese,/p/20559023_EA
Creamy Havarti Cheese Slices,$6.00 ,$6.00 ,"200 g, $3.00/100g",Deli Cheese,/p/20938536_EA
Light,$4.00 ,$4.00 ,"120 g, $3.33/100g",Deli Cheese,/p/20575904_EA
Mild Cheddar Cheese Slices,$6.00 ,$6.00 ,"220 g, $2.73/100g",Deli Cheese,/p/20938595_EA
Shallot & Chive,$6.99 ,$6.99 ,"150 g, $4.66/100g",Deli Cheese,/p/20591214_EA
Goat Cheese,$6.29 ,$6.29 ,"140 g, $4.49/100g",Deli Cheese,/p/20000584_EA
"Feta, Tub",$18.00 ,$19.00 ,"1 kg, $1.80/100g",Deli Cheese,/p/20606685_EA
Double Crème Brie Cheese,$12.00 ,$12.00 ,"550 g, $2.18/100g",Deli Cheese,/p/21012276_EA
Swiss Cheese,$6.00 ,$6.00 ,"250 g, $2.40/100g",Deli Cheese,/p/20770652_EA
Cheddar Cheese Extra Old 35% M.F.,$8.49 ,$8.49 ,"250 g, $3.40/100g",Deli Cheese,/p/21495455_EA
Mozzarella Ball,$6.00 ,$6.00 ,"340 g, $1.76/100g",Deli Cheese,/p/21004922_EA
Soft Unripened Goat's Milk Cheese,$6.29 ,$6.29 ,"140 g, $4.49/100g",Deli Cheese,/p/20330259_EA
"Bocconcini, Mini",$8.49 ,$8.49 ,"200 g, $4.25/100g",Deli Cheese,/p/20024992_EA
"Mozzarella, Sliced",$6.99 ,$6.99 ,"170 g, $4.11/100g",Deli Cheese,/p/20217736_EA
Gouda Cheese Block,$6.00 ,$6.00 ,"250 g, $2.40/100g",Deli Cheese,/p/20770656_EA
Parmesan Petals,$11.79 ,$11.79 ,"300 g, $3.93/100g",Deli Cheese,/p/20600090_EA
Semi-Soft Ripened Cheese Mini Gouda Taste 24% M.F.,$4.00 ,$4.00 ,"120 g, $3.33/100g",Deli Cheese,/p/21542431_EA
Mozzarella Fresca,$5.59 ,$5.59 ,"190 g, $2.94/100g",Deli Cheese,/p/21184247_EA
"Herb & Spice Havarti, Sliced",$6.99 ,$6.99 ,"160 g, $4.37/100g",Deli Cheese,/p/20571483_EA
Sliced Old White Cheddar Cheese,$6.99 ,$6.99 ,"160 g, $4.37/100g",Deli Cheese,/p/20219419_EA
Sliced Gouda Cheese,$6.99 ,$6.99 ,"160 g, $4.37/100g",Deli Cheese,/p/20250505_EA
Parmesan,$15.99 ,$15.99 ,"200 g, $8.00/100g",Deli Cheese,/p/20626019_EA
Petit Brie Cheese,$6.29 ,$6.29 ,"125 g, $5.03/100g",Deli Cheese,/p/21547562_EA
"Cream Cheese Spread, Pineapple",$5.29 ,$5.29 ,"125 g, $4.23/100g",Deli Cheese,/p/20986112_EA
Firm Unripened Cheese Burger Style Halloumi 23 % M.F.,$9.99 ,$9.99 ,"200 g, $5.00/100g",Deli Cheese,/p/21547522_EA
Balsamic Cheese,$11.49 ,$11.49 ,"150 g, $7.66/100g",Deli Cheese,/p/20606681_EA
Medium Cheddar,$8.99 ,$8.99 ,"280 g, $3.21/100g",Deli Cheese,/p/20415811_EA
Cheese wedges,$10.99 ,$10.99 ,"400 g, $2.75/100g",Deli Cheese,/p/20160091_EA
Havarti Herbs & Spices,$19.99 ,$19.99 ,"500 g, $4.00/100g",Deli Cheese,/p/21364693_EA
"Cheese Fondue, Swiss",$10.99 ,$10.99 ,"400 g, $2.75/100g",Deli Cheese,/p/20059948_EA
Aged 1 Year Canadian Cheddar Cheese,$9.69 ,$9.69 ,"250 g, $3.88/100g",Deli Cheese,/p/20048789_EA
Monterey Jack Cheese With Jalapeño,$6.00 ,$6.00 ,"250 g, $2.40/100g",Deli Cheese,/p/20770594_EA
West Country Farmhouse Cheddar Cheese,$8.79 ,$8.79 ,"200 g, $4.40/100g",Deli Cheese,/p/21188271_EA
Le Gruyère Antique Hard Ripened Cheese Aged 12 Months,$10.99 ,$10.99 ,"200 g, $5.50/100g",Deli Cheese,/p/20814360_EA
Light Feta In Brine,$9.99 ,$9.99 ,"400 g, $2.50/100g",Deli Cheese,/p/20216975_EA
"Gouda, Mild",$12.69 ,$12.69 ,"500 g, $2.54/100g",Deli Cheese,/p/20847596_EA
Notre-Dame Brie Cheese,$7.49 ,$7.49 ,"170 g, $4.41/100g",Deli Cheese,/p/20177193_EA
Swiss Cheese Sliced 30% M.F. Club Pack,$15.49 ,$15.49 ,"500 g, $3.10/100g",Deli Cheese,/p/20249985_EA
Hot & Spicy Gouda,$9.99 ,$9.99 ,"350 g, $2.85/100g",Deli Cheese,/p/21345052_EA
3-Year Old Heritage White Cheddar,$12.49 ,$12.49 ,"280 g, $4.46/100g",Deli Cheese,/p/20418909_EA
Canadian Cheddar Aged 5 Years ,$13.99 ,$13.99 ,"300 g, $4.66/100g",Deli Cheese,/p/20184165_EA
Bocconcini,$8.49 ,$8.49 ,"200 g, $4.25/100g",Deli Cheese,/p/20318663_EA
Light Cheese,$12.49 ,$12.49 ,"535 g, $2.33/100g",Deli Cheese,/p/20022525_EA
Truffle Salt & Hint of Pepper,$7.99 ,$7.99 ,"150 g, $5.33/100g",Deli Cheese,/p/21468530_EA
Brie Triple Crème Brie Cheese,$8.79 ,$8.79 ,"200 g, $4.40/100g",Deli Cheese,/p/20583715_EA
Old Cheddar Cheese Block,$6.00 ,$6.00 ,"250 g, $2.40/100g",Deli Cheese,/p/20770540_EA
Traditional Blue Wedge,$7.59 ,$7.59 ,"125 g, $6.07/100g",Deli Cheese,/p/20428574_EA
Medium Cheddar Cheese,$6.00 ,$6.00 ,"250 g, $2.40/100g",Deli Cheese,/p/20770708_EA
Cheese Slices,$15.99 ,$15.99 ,"450 g, $3.55/100g",Deli Cheese,/p/21060070_EA
"Soft Surface Ripened Cheese Bloomy Rind Creamy, Rich & Buttery Taste 28% M.F.",$13.49 ,$13.49 ,"325 g, $4.15/100g",Deli Cheese,/p/21396602_EA
Havarti Jalapeno FW,$7.29 ,$7.29 ,"200 g, $3.65/100g",Deli Cheese,/p/20573910_EA
Sliced Smoked Gouda Cheese,$6.99 ,$6.99 ,"140 g, $4.99/100g",Deli Cheese,/p/21023273_EA
"Cheese, Pizza Mozzarella Sliced",$9.00 ,$9.00 ,"500 g, $1.80/100g",Deli Cheese,/p/20249067_EA
Mild Gouda,$9.99 ,$9.99 ,"350 g, $2.85/100g",Deli Cheese,/p/21345046_EA
1-Yr Old Aged Cheddar Slices,$7.79 ,$7.79 ,"140 g, $5.56/100g",Deli Cheese,/p/21343330_EA
"Feta Crumbles, Herb & Garlic",$6.99 ,$6.99 ,"175 g, $39.94/1kg",Deli Cheese,/p/20862432_EA
Tickler 1 Year Cheddar   ,$7.49 ,$7.49 ,"200 g, $3.75/100g",Deli Cheese,/p/21314626_EA
Tickler Extra Mature Cheddar Cheese 35% M.F.,$7.49 ,$7.49 ,"200 g, $3.75/100g",Deli Cheese,/p/21158086_EA
Mini Cambozola,$8.49 ,$8.49 ,"150 g, $5.66/100g",Deli Cheese,/p/20090455_EA
Espresso BellaVitano,$11.49 ,$11.49 ,"150 g, $7.66/100g",Deli Cheese,/p/20437703_EA
"Apple And Maple, Fresh Soft White Cheese",$6.99 ,$6.99 ,"150 g, $4.66/100g",Deli Cheese,/p/21170802_EA
Ricotta Cheese,$6.99 ,$6.99 ,"454 g, $1.54/100g",Deli Cheese,/p/20546089_EA
Pecorino Romano,$11.29 ,$11.29 ,"250 g, $4.52/100g",Deli Cheese,/p/21188276_EA
"Mozzarella Cheese, Club Pack",$16.29 ,$16.29 ,"750 g, $2.17/100g",Deli Cheese,/p/21062477_EA
Ricotta Traditional Twin Pack,$8.00 ,$8.00 ,"560 g, $1.43/100g",Deli Cheese,/p/21100064_EA
"Bocconcini, Medallions",$8.49 ,$8.49 ,"200 g, $4.25/100g",Deli Cheese,/p/20599511_EA
Sliced Light Swiss Cheese,$6.99 ,$6.99 ,"150 g, $4.66/100g",Deli Cheese,/p/20249889_EA
Roquefort Blue Cheese,$8.29 ,$8.29 ,"150 g, $5.53/100g",Deli Cheese,/p/20911469_EA
Soft Surface Ripened Cheese Bloomy Rind Delicate & Buttery Taste 31% M.F.,$5.99 ,$5.99 ,"125 g, $4.79/100g",Deli Cheese,/p/21396601_EA
"Cheese, Fig Goat's Milk",$6.29 ,$6.29 ,"140 g, $4.49/100g",Deli Cheese,/p/20690427_EA
Blueberry Soft Unripened Goat’s Milk Cheese,$9.49 ,$9.49 ,"300 g, $3.16/100g",Deli Cheese,/p/20419289_EA
Blue Crumbles,$8.59 ,$8.59 ,"113 g, $7.60/100g",Deli Cheese,/p/21102503_EA
Extra Old Cheddar Cheese,$6.99 ,$6.99 ,"170 g, $4.11/100g",Deli Cheese,/p/21060074_EA
Soft Surface Ripened Cheese Bloomy Rind Delicate & Buttery Taste 31% M.F.,$5.99 ,$5.99 ,"125 g, $4.79/100g",Deli Cheese,/p/21396601_EA
"Cheese, Fig Goat's Milk",$6.29 ,$6.29 ,"140 g, $4.49/100g",Deli Cheese,/p/20690427_EA
Red Storm Cheese,$10.49 ,$10.49 ,"200 g, $5.25/100g",Deli Cheese,/p/20811859_EA
Roquefort Blue Cheese,$8.29 ,$8.29 ,"150 g, $5.53/100g",Deli Cheese,/p/20911469_EA
Havarti Roast Garlic FW,$7.29 ,$7.29 ,"200 g, $3.65/100g",Deli Cheese,/p/20574969_EA
Cocktail Bocconcini,$13.00 ,$14.29 ,"500 g, $2.60/100g",Deli Cheese,/p/20112839_EA
Extra Creamy Blue Cheese Wedge,$7.59 ,$7.59 ,"125 g, $6.07/100g",Deli Cheese,/p/20426302_EA
Merlot BellaVitano,$11.49 ,$11.49 ,"150 g, $7.66/100g",Deli Cheese,/p/20430601_EA
Blueberry Soft Unripened Goat’s Milk Cheese,$9.49 ,$9.49 ,"300 g, $3.16/100g",Deli Cheese,/p/20419289_EA
Greek Style Cheese Traditional Feta 16% M.F.,$10.99 ,$10.99 ,"375 g, $2.93/100g",Deli Cheese,/p/21527856_EA
"Cheese, Cheddar Applewood Smoked",$9.49 ,$9.49 ,"150 g, $6.33/100g",Deli Cheese,/p/20706922_EA
"Canadian White Cheddar, Aged 2 Years",$9.99 ,$9.99 ,"250 g, $4.00/100g",Deli Cheese,/p/20009748_EA
Original,$12.49 ,$12.49 ,"535 g, $2.33/100g",Deli Cheese,/p/20056397_EA
Traditional Blue Cheese,$14.29 ,$14.29 ,"350 g, $4.08/100g",Deli Cheese,/p/21062772_EA
Caraway Seeds Gouda,$6.00 ,$6.00 ,"170 g, $3.53/100g",Deli Cheese,/p/21397280_EA
Provolone Cheese Provolone Valpadana 26% M.F.,$5.29 ,$5.29 ,"250 g, $2.12/100g",Deli Cheese,/p/21188280_EA
Iberico Reserva Cheese,$8.99 ,$8.99 ,"150 g, $5.99/100g",Deli Cheese,/p/20856905_EA
"Feta, Cubes",$8.99 ,$8.99 ,"200 g, $4.50/100g",Deli Cheese,/p/20599157_EA
"Cream Cheese Spread, Sweet & Spicy Peppers",$5.29 ,$5.29 ,"125 g, $4.23/100g",Deli Cheese,/p/20985998_EA
Old Cheddar,$8.99 ,$8.99 ,"280 g, $3.21/100g",Deli Cheese,/p/20416277_EA
"Cheese, Jalapeno",$12.49 ,$12.49 ,"535 g, $2.33/100g",Deli Cheese,/p/21011306_EA
Feta Cheese in Brine,$7.49 ,$7.49 ,"170 g, $4.41/100g",Deli Cheese,/p/21051115_EA
Bradbury's Cheddar Redwood,$6.99 ,$6.99 ,"200 g, $3.50/100g",Deli Cheese,/p/20816943_EA
Herbed Goat's Milk Cheese,$6.29 ,$6.29 ,"140 g, $4.49/100g",Deli Cheese,/p/20296631_EA
Jalapeno Havarti Cheese,$12.99 ,$12.99 ,"500 g, $2.60/100g",Deli Cheese,/p/21364400_EA
100% Romano 27% M.F. Cheese Grated,$3.49 ,$3.49 ,"80 g, $4.36/100g",Deli Cheese,/p/21311220_EA
Goat Cheese,$9.49 ,$9.49 ,"300 g, $3.16/100g",Deli Cheese,/p/20824850_EA
Heritage Chdr 5 Yrs   ,$15.79 ,$15.79 ,"280 g, $5.64/100g",Deli Cheese,/p/21208259_EA
Cheddar Cheese Ghost Pepper 31% M.F.,$12.49 ,$12.49 ,"250 g, $5.00/100g",Deli Cheese,/p/21221074_EA
Goat’S Milk Chèvre Crumbled Soft Unripened Cheese,$6.99 ,$6.99 ,"165 g, $4.24/100g",Deli Cheese,/p/20897342_EA
"2-Year Old Royal Canadian White Cheddar, Snack Size",$9.49 ,$9.49 ,"126 g, $7.53/100g",Deli Cheese,/p/20016394_EA
Mascarpone,$15.29 ,$15.29 ,"475 g, $3.22/100g",Deli Cheese,/p/20130433_EA
Dairy Snack Rolls 19% M.F. 6 Portion x 17 g,$4.00 ,$4.00 ,"102 g, $3.92/100g",Deli Cheese,/p/21368133_EA
"Havarti With Jalapeno, Sliced",$6.99 ,$6.99 ,"160 g, $4.37/100g",Deli Cheese,/p/20571482_EA
Marble 34 % M.F. Cheddar Cheese,$11.99 ,$11.99 ,"400 g, $3.00/100g",Deli Cheese,/p/21427461_EA
Camembert Cheese,$6.49 ,$6.49 ,"170 g, $3.82/100g",Deli Cheese,/p/20784364_EA
Vintage 35 % M.F. Cheddar Cheese ,$7.49 ,$7.49 ,"200 g, $3.75/100g",Deli Cheese,/p/21434515_EA
Blue Cheese 35% M.F. ,$21.99 ,$21.99 ,"454 g, $4.84/100g",Deli Cheese,/p/21396570_EA
"Goat Milk Cheese, Peppercorn",$6.29 ,$6.29 ,"140 g, $4.49/100g",Deli Cheese,/p/20314830_EA
"Medium Cheddar Cheese, Portions",$12.49 ,$18.79 ,"420 g, $2.97/100g",Deli Cheese,/p/20571481_EA
Cheese,$11.99 ,$11.99 ,"250 g, $4.80/100g",Deli Cheese,/p/21387012_EA
Havarti Cheese Herbs & Spices 35%,$17.00 ,$18.00 ,"800 g, $2.13/100g",Deli Cheese,/p/21157845_EA
Bradbury's The Craic Cheddar,$6.99 ,$6.99 ,"200 g, $3.50/100g",Deli Cheese,/p/20816964_EA
Fig & Balsamic,$6.99 ,$6.99 ,"150 g, $4.66/100g",Deli Cheese,/p/21301450_EA
White Stilton With Mango & Ginger Hard Unripened Cheese,$7.99 ,$7.99 ,"200 g, $4.00/100g",Deli Cheese,/p/20816790_EA
"Cheese, Applewood Smoked Cheddar Mini",$8.79 ,$8.79 ,"6x20.0 g, $7.33/100g",Deli Cheese,/p/20699724_EA
Jura Montagne Hard Ripened Cheese Aged 10 Months,$10.99 ,$10.99 ,"200 g, $5.50/100g",Deli Cheese,/p/20817964_EA
Herbed Soft Unripened Goat’s Milk Cheese ,$9.49 ,$9.49 ,"300 g, $3.16/100g",Deli Cheese,/p/20569737_EA
Willig Hot & Spicy Gouda,$7.99 ,$7.99 ,"200 g, $4.00/100g",Deli Cheese,/p/21345047_EA
Spicy Cheddar Cheese ,$8.99 ,$8.99 ,"250 g, $3.60/100g",Deli Cheese,/p/21388426_EA
Medium Gouda,$7.99 ,$7.99 ,"200 g, $4.00/100g",Deli Cheese,/p/21345050_EA
"Medium Cheddar Cheese Block, Club Pack",$12.99 ,$12.99 ,"500 g, $2.60/100g",Deli Cheese,/p/20218911_EA
Danish Camembert Cheese,$7.59 ,$7.59 ,"125 g, $6.07/100g",Deli Cheese,/p/20428515_EA
Cranberry Soft Unripened Goat’s Milk Cheese,$9.49 ,$9.49 ,"300 g, $3.16/100g",Deli Cheese,/p/20419118_EA
Taster Pack,$10.99 ,$10.99 ,"320 g, $3.43/100g",Deli Cheese,/p/21309227_EA
Canadian Cheddar Aged 2 Years,$14.49 ,$14.49 ,"500 g, $2.90/100g",Deli Cheese,/p/20134710_EA
"Havarti Cheese Slices, Less Fat",$6.00 ,$6.00 ,"200 g, $3.00/100g",Deli Cheese,/p/20938602_EA
Hard Ripened Cheese,$9.99 ,$9.99 ,"200 g, $5.00/100g",Deli Cheese,/p/20911468_EA
Red Hot Chili Pepper Jack Cheese,$6.99 ,$6.99 ,"170 g, $4.11/100g",Deli Cheese,/p/20828823_EA
Powerful Welsh Cheddar,$8.29 ,$8.29 ,"200 g, $4.15/100g",Deli Cheese,/p/20700452_EA
Pepper,$6.99 ,$6.99 ,"150 g, $4.66/100g",Deli Cheese,/p/20591215_EA
Feta Cheese Cubes,$17.99 ,$17.99 ,"750 g, $2.40/100g",Deli Cheese,/p/21195994_EA
"Crumbled Feta, Light",$8.49 ,$8.49 ,"150 g, $5.66/100g",Deli Cheese,/p/20573974_EA
Gouda Cheese Mild 28 % M.F.,$9.49 ,$9.49 ,"250 g, $3,796.00/100g",Deli Cheese,/p/21397685_EA
Triple Cream Blue Brie,$8.79 ,$8.79 ,"200 g, $4.40/100g",Deli Cheese,/p/20583716_EA
"Feta, Crumbled",$8.49 ,$8.49 ,"150 g, $5.66/100g",Deli Cheese,/p/20099611_EA
Smoky Cheddar With Added Smoke Flavour 22% M.F.,$6.99 ,$6.99 ,"170 g, $4.11/100g",Deli Cheese,/p/21468099_EA
Basil & Chives,$6.99 ,$6.99 ,"150 g, $4.66/100g",Deli Cheese,/p/20960809_EA
"Organic Greek Feta Cheese, Original",$9.49 ,$9.49 ,"150 g, $6.33/100g",Deli Cheese,/p/20668760_EA
Havarti Creamy,$17.00 ,$18.00 ,"800 g, $2.13/100g",Deli Cheese,/p/20574333_EA
Cheese,$15.49 ,$15.49 ,"450 g, $3.44/100g",Deli Cheese,/p/21388509_EA
Cheddar Cheese Old Cheddar 35% M.F.,$8.29 ,$8.29 ,"250 g, $3.32/100g",Deli Cheese,/p/21511748_EA
Goat's Milk Feta Cheese,$15.99 ,$15.99 ,"400 g, $4.00/100g",Deli Cheese,/p/20583061_EA
Havarti Jalapeno,$17.00 ,$18.00 ,"800 g, $2.13/100g",Deli Cheese,/p/20574089_EA
Ripened Firm Cheese Bergeron Classique Smooth Duo 28% M.F.,$13.29 ,$13.29 ,"400 g, $3.32/100g",Deli Cheese,/p/21398533_EA
"Marble Cheddar Cheese Block, Club Size",$12.99 ,$12.99 ,"500 g, $2.60/100g",Deli Cheese,/p/20251044_EA
Black Bomber Cheddar,$10.49 ,$10.49 ,"200 g, $5.25/100g",Deli Cheese,/p/20715791_EA
"Cheese, Four Year Old White Cheddar",$12.69 ,$12.69 ,"300 g, $4.23/100g",Deli Cheese,/p/20116836_EA
Creamy Havarti Cheese Sliced 32% M.F. Club Pack,$15.49 ,$15.49 ,"500 g, $3.10/100g",Deli Cheese,/p/20217638_EA
Cranberry & Pepper,$6.99 ,$6.99 ,"150 g, $4.66/100g",Deli Cheese,/p/20591219_EA
"Raclette Sliced Washed-Rind, Firm Surface-Ripened Cheese",$8.49 ,$8.49 ,"150 g, $6.79/100g",Deli Cheese,/p/20981120_EA
Cuisine Garlic & Fine Herbs 12 % M.F.,$7.29 ,$7.29 ,"220 g, $3.31/100g",Deli Cheese,/p/21510642_EA
Manchego Sheep's Milk Hard Ripened Cheese Aged 6 Months,$8.99 ,$8.99 ,"150 g, $5.99/100g",Deli Cheese,/p/20857373_EA
Halloom Semi-Soft Unripened Cheese ,$7.49 ,$7.49 ,"250 g, $3.00/100g",Deli Cheese,/p/20563213_EA
Mozzarella Cheese,$7.99 ,$7.99 ,"340 g, $2.35/100g",Deli Cheese,/p/20011400_EA
Fresh Soft Cheese Mozzarella Fresca 18 % M.F.,$7.19 ,$7.19 ,"227 g, $3.17/100g",Deli Cheese,/p/21547228_EA
Halloumi,$7.29 ,$7.29 ,"200 g, $3.65/100g",Deli Cheese,/p/21350800_EA
"Parmigiano Reggiano, Large",$23.00 ,$23.00 ,"800 g, $2.88/100g",Deli Cheese,/p/21053436_EA
Spreadable Cheese Wedges,$2.69 ,$2.69 ,"140 g, $1.92/100g",Deli Cheese,/p/21494121_EA
Herb & Garlic Halloom,$7.49 ,$7.49 ,"250 g, $3.00/100g",Deli Cheese,/p/20558986_EA
Fresh Mozzarella Cheese Filled With Shreds Of Mozzarella Soaked In Cream Burrata 21% M.F.,$11.99 ,$11.99 ,"226 g, $5.31/100g",Deli Cheese,/p/21515442_EA
"Cheese, Bocconcini Cocktail Light",$6.69 ,$6.69 ,"200 g, $3.35/100g",Deli Cheese,/p/20708942_EA
Spreadable Cheese Wedges,$7.00 ,$7.49 ,"420 g, $1.67/100g",Deli Cheese,/p/21494061_EA
Havarti Steak Spice Cheese,$7.29 ,$7.29 ,"200 g, $3.65/100g",Deli Cheese,/p/21364690_EA
"Sliced Light Havarti Cheese, Club Pack",$15.49 ,$15.49 ,"500 g, $3.10/100g",Deli Cheese,/p/20248921_EA
Isle Of Man Extra Old Cheddar Cheese Aged 14 Months,$8.79 ,$8.79 ,"250 g, $3.52/100g",Deli Cheese,/p/20817395_EA
Marble Cheddar,$8.99 ,$8.99 ,"280 g, $3.21/100g",Deli Cheese,/p/20415944_EA
Spreadable Cheddar,$7.49 ,$7.49 ,"200 g, $3.75/100g",Deli Cheese,/p/20731967_EA
Havarti Steak Spice Cheese,$7.29 ,$7.29 ,"200 g, $3.65/100g",Deli Cheese,/p/21364690_EA
Havarti Creamy FW,$7.29 ,$7.29 ,"200 g, $3.65/100g",Deli Cheese,/p/20573932_EA
Canadian Cheddar Aged 1 Year ,$12.99 ,$12.99 ,"500 g, $2.60/100g",Deli Cheese,/p/20056226_EA
100% Parmesan 31% M.F. Cheese Grated,$3.49 ,$3.49 ,"80 g, $4.36/100g",Deli Cheese,/p/21311224_EA
Light Swiss Cheese Sliced 18% M.F. Club Size,$15.49 ,$15.49 ,"500 g, $3.10/100g",Deli Cheese,/p/20250536_EA
"Ricotta, Smooth",$9.29 ,$9.29 ,"475 g, $1.96/100g",Deli Cheese,/p/20528878_EA
Minis Shallot & Chive 39 % M.F. Fresh Soft White Cheese,$6.99 ,$6.99 ,"130 g, $5.38/100g",Deli Cheese,/p/21413423_EA
Arla Havarti Herb&Spice FW,$7.29 ,$7.29 ,"200 g, $3.65/100g",Deli Cheese,/p/20574963_EA
L'Extra Camembert Cheese,$7.49 ,$7.49 ,"170 g, $4.41/100g",Deli Cheese,/p/20016313_EA
2-Year Old Royal Canadian White Cheddar,$14.99 ,$14.99 ,"500 g, $3.00/100g",Deli Cheese,/p/20002342_EA
Light Swiss Cheese Slices,$6.00 ,$6.00 ,"200 g, $3.00/100g",Deli Cheese,/p/20938513_EA
Double Smoked Cheddar Slices,$7.79 ,$7.79 ,"140 g, $5.56/100g",Deli Cheese,/p/21343331_EA
Sharp Cheddar 23% M.F.,$6.99 ,$6.99 ,"170 g, $4.11/100g",Deli Cheese,/p/21468074_EA
Barkin' Herbs & Garlic Herbs And Garlic Cheddar Cheese 32% M.F.,$9.99 ,$9.99 ,"250 g, $4.00/100g",Deli Cheese,/p/21513357_EA
Le Gruyere AOP Cheese,$18.29 ,$18.29 ,"350 g, $5.23/100g",Deli Cheese,/p/21196413_EA
Cheddar Cheese Old White 34% M.F.,$7.99 ,$7.99 ,"250 g, $3,196.00/100g",Deli Cheese,/p/21397243_EA
Ricotta,$9.29 ,$9.29 ,"475 g, $1.96/100g",Deli Cheese,/p/20093652_EA
Lactose Free,$3.99 ,$3.99 ,"120 g, $3.33/100g",Deli Cheese,/p/21217157_EA
Goat’s Milk Cheddar Cheese-Aged 1yr ,$9.00 ,$9.00 ,"200 g, $4.50/100g",Deli Cheese,/p/21504351_EA
Cheese Triple Cream Brie With Ash,$8.79 ,$8.79 ,"200 g, $4.40/100g",Deli Cheese,/p/20982044_EA
"Grana Padano Wedge, Large",$21.00 ,$21.00 ,"800 g, $2.63/100g",Deli Cheese,/p/21050354_EA
Asiago Cheese,$8.99 ,$8.99 ,"250 g, $3.60/100g",Deli Cheese,/p/21409072_EA
Grilling Cheese Plain,$7.99 ,$7.99 ,"160 g, $4.99/100g",Deli Cheese,/p/21093684_EA
Ricotta,$13.00 ,$14.49 ,"1 kg, $1.30/100g",Deli Cheese,/p/20136427_EA
Squeak'rs White Cheese Curds,$6.00 ,$6.49 ,"240 g, $2.50/100g",Deli Cheese,/p/20788393_EA
"White Fox Cheddar, Ripe",$8.79 ,$8.79 ,"250 g, $3.52/100g",Deli Cheese,/p/20911376_EA
Mascarpone,$13.59 ,$13.59 ,"500 g, $2.72/100g",Deli Cheese,/p/21306387_EA
Parmigiano Grated,$5.99 ,$5.99 ,"100 g, $5.99/100g",Deli Cheese,/p/21306422_EA
"Romano Cheese, Shredded",$8.99 ,$8.99 ,"140 g, $6.42/100g",Deli Cheese,/p/20563608_EA
Goat's Milk Mozzarella,$8.99 ,$8.99 ,"200 g, $4.50/100g",Deli Cheese,/p/20302517_EA
Aged Cheese,$8.99 ,$8.99 ,"190 g, $4.73/100g",Deli Cheese,/p/20921279_EA
Smoked Gouda Cheese,$14.49 ,$14.49 ,"540 g, $2.68/100g",Deli Cheese,/p/21387033_EA
Herb & Spice Havarti Cheese Block,$6.00 ,$6.00 ,"250 g, $2.40/100g",Deli Cheese,/p/20770654_EA
Cheddar Cheese Truffle 33 % M.F.,$11.99 ,$11.99 ,"250 g, $4.80/100g",Deli Cheese,/p/21386961_EA
Cuisine Shallot & Chive 12 % M.F.,$7.29 ,$7.29 ,"220 g, $3.31/100g",Deli Cheese,/p/21507661_EA
"Sliced Provolone Cheese, Club Pack",$15.49 ,$15.49 ,"500 g, $3.10/100g",Deli Cheese,/p/20251914_EA
Cheese Aged Havarti 36% M.F.,$7.49 ,$7.49 ,"200 g, $3.75/100g",Deli Cheese,/p/21158059_EA
Soft Unripened Goat's Milk Cheese Honey & Hot Pepper Medium 22% M.F.,$6.29 ,$6.29 ,"140 g, $4.49/100g",Deli Cheese,/p/21396426_EA
"Mini Variety Pack, 18",$12.49 ,$12.49 ,"360 g, $3.47/100g",Deli Cheese,/p/21312574_EA
Saint-Paulin Cheese,$9.49 ,$9.49 ,"190 g, $4.99/100g",Deli Cheese,/p/21397209_EA
"Pizza Mozzarella Cheese Deluxe Mozzarella 25 % M.F., Lactose Free",$10.29 ,$10.29 ,"340 g, $3.03/100g",Deli Cheese,/p/21364678_EA
Emmentaler Cheese,$12.49 ,$12.49 ,"350 g, $3.57/100g",Deli Cheese,/p/21197538_EA
Fresh Soft White Cheese Minis Garlic & Fine Herbs 39 % M.F.,$6.99 ,$6.99 ,"130 g, $5.38/100g",Deli Cheese,/p/21381717_EA
Bradbury's Punchtown Irish Metre Cheese,$6.99 ,$6.99 ,"200 g, $3.50/100g",Deli Cheese,/p/20816502_EA
Cheddar Cheese Truffle 33 % M.F.,$11.99 ,$11.99 ,"250 g, $4.80/100g",Deli Cheese,/p/21386961_EA
Cuisine Shallot & Chive 12 % M.F.,$7.29 ,$7.29 ,"220 g, $3.31/100g",Deli Cheese,/p/21507661_EA
"Cheese, Havarti Slices 25% Less Fat",$6.99 ,$6.99 ,"160 g, $4.37/100g",Deli Cheese,/p/20217523_EA
Smoked Gouda Cheese,$14.49 ,$14.49 ,"540 g, $2.68/100g",Deli Cheese,/p/21387033_EA
"Creamy Havarti Cheese Slices, Club Pack",$12.00 ,$12.00 ,"500 g, $2.40/100g",Deli Cheese,/p/20318917_EA
Goat Brie Goat’s Milk Brie Cheese,$7.29 ,$7.29 ,"165 g, $4.42/100g",Deli Cheese,/p/20251597_EA
Cricketers Extra Mature Cheddar Cheese,$8.29 ,$8.29 ,"250 g, $3.32/100g",Deli Cheese,/p/21093971_EA
Double Smoked Cheddar,$8.99 ,$8.99 ,"250 g, $3.60/100g",Deli Cheese,/p/20751992_EA
Feta Cheese in Brine 22% M.F.,$17.99 ,$17.99 ,"1 kg, $1.80/100g",Deli Cheese,/p/21005430_EA
Firm Ripened Cheese Mini Friulano 27 % M.F.,$13.00 ,$13.99 ,"500 g, $2.60/100g",Deli Cheese,/p/20708981_EA
Gourmet Bocconcini Cocktail Soft Fresh Cheese 18% M.F.,$7.99 ,$7.99 ,"200 g, $4.00/100g",Deli Cheese,/p/21051344_EA
Goat Milk Feta Cheese,$19.00 ,$19.00 ,"600 g, $3.17/100g",Deli Cheese,/p/21091455_EA
Grana Padano Hard Ripened Cheese Aged 14 Months,$10.99 ,$10.99 ,"250 g, $4.40/100g",Deli Cheese,/p/21051031_EA
"Feta, Light",$8.99 ,$8.99 ,"400 g, $2.25/100g",Deli Cheese,/p/20592954_EA
Swiss,$4.00 ,$4.00 ,"120 g, $3.33/100g",Deli Cheese,/p/20599762_EA
"Mini Variety Pack, 18",$12.49 ,$12.49 ,"360 g, $3.47/100g",Deli Cheese,/p/21312574_EA
Bradbury's Punchtown Irish Metre Cheese,$6.99 ,$6.99 ,"200 g, $3.50/100g",Deli Cheese,/p/20816502_EA
Fresh Soft White Cheese Minis Garlic & Fine Herbs 39 % M.F.,$6.99 ,$6.99 ,"130 g, $5.38/100g",Deli Cheese,/p/21381717_EA
Saint-Paulin Cheese,$9.49 ,$9.49 ,"190 g, $4.99/100g",Deli Cheese,/p/21397209_EA
"Pizza Mozzarella Cheese Deluxe Mozzarella 25 % M.F., Lactose Free",$10.29 ,$10.29 ,"340 g, $3.03/100g",Deli Cheese,/p/21364678_EA
Emmentaler Cheese,$12.49 ,$12.49 ,"350 g, $3.57/100g",Deli Cheese,/p/21197538_EA
Feta Cheese Lactose Free 22 % M.F.,$5.29 ,$5.29 ,"200 g, $2.65/100g",Deli Cheese,/p/21528313_EA
Cocktail Bocconcini Club Size,$11.79 ,$11.79 ,"500 g, $2.36/100g",Deli Cheese,/p/21479609_EA
Lactose Free Feta Cheese,$7.29 ,$7.29 ,"200 g, $3.65/100g",Deli Cheese,/p/21364404_EA
Bocconcini,$6.99 ,$6.99 ,"200 g, $3.50/100g",Deli Cheese,/p/20219848_EA
Original Soft Unripened Goat’s Milk Cheese ,$9.49 ,$9.49 ,"300 g, $3.16/100g",Deli Cheese,/p/20569735_EA
Creamy Havarti Cheese ,$12.99 ,$12.99 ,"500 g, $2.60/100g",Deli Cheese,/p/21364676_EA
Red Wine Aged Cheddar,$6.99 ,$6.99 ,"170 g, $4.11/100g",Deli Cheese,/p/21060566_EA
"Fresh Soft Cheese Cream Cheese Product With Ginger, Chili And Coconut 30% M.F.",$6.19 ,$6.19 ,"125 g, $4.95/100g",Deli Cheese,/p/21517592_EA
Original Cheese,$8.99 ,$8.99 ,"190 g, $4.73/100g",Deli Cheese,/p/20920756_EA
La Bonaparte Brie Camembert Cheese,$8.49 ,$8.49 ,"300 g, $2.83/100g",Deli Cheese,/p/20817961_EA
Camembert Cheese,$8.49 ,$8.49 ,"300 g, $2.83/100g",Deli Cheese,/p/20817966_EA
Bellavitano Firm Ripened Cheese With Garlic And Herb 32% M.F.,$10.99 ,$10.99 ,"150 g, $7.33/100g",Deli Cheese,/p/21535809_EA
St-Albert Co-Op Cheddar Cheese Curds Poutine 31% M.F.,$29.79 ,$29.79 ,"2 kg, $1.49/100g",Deli Cheese,/p/21121538_EA
Cheese Le Michabou,$7.99 ,$7.99 ,"175 g, $4.57/100g",Deli Cheese,/p/20982230_EA
"Cheese, Brie Light",$6.49 ,$6.49 ,"175 g, $3.71/100g",Deli Cheese,/p/20804533_EA
Original,$18.79 ,$18.79 ,"600 g, $3.13/100g",Deli Cheese,/p/20715527_EA
"Mini, Multi Flavours",$9.99 ,$9.99 ,"240 g, $4.16/100g",Deli Cheese,/p/21100374_EA
Kaltbach Le Gruyere Cheese,$18.99 ,$18.99 ,"0.3 kg, $6.33/100g",Deli Cheese,/p/21105131_EA
Camembert Cheese Double Crème Mild,$6.49 ,$6.49 ,"125 g, $5.19/100g",Deli Cheese,/p/20044812_EA
Slightly Sweet & Hazelnuts Taste 30% M.F. Swiss Cheese,$7.49 ,$7.49 ,"170 g, $4.41/100g",Deli Cheese,/p/21397255_EA
Inspiration Pack,$15.79 ,$15.79 ,"400 g, $3.95/100g",Deli Cheese,/p/20903747_EA
Sliced Monterey Jack with Jalapeno Cheese,$6.99 ,$6.99 ,"170 g, $4.11/100g",Deli Cheese,/p/20249223_EA
"Cheese, Marble Mini Club Pack",$12.49 ,$18.79 ,"420 g, $2.97/100g",Deli Cheese,/p/20571150_EA
Mushroom and Truffles Cheese,$8.99 ,$8.99 ,"190 g, $4.73/100g",Deli Cheese,/p/21495878_EA
Cheddar,$4.99 ,$4.99 ,"120 g, $4.16/100g",Deli Cheese,/p/20718038_EA
Sheep's Feta Cheese,$15.99 ,$15.99 ,"400 g, $4.00/100g",Deli Cheese,/p/20582950_EA
Creamy Havarti Cheese ,$6.00 ,$6.00 ,"250 g, $2.40/100g",Deli Cheese,/p/20770658_EA
"Jalapeno Pepper, Monterey Jack Cheese",$6.99 ,$6.99 ,"170 g, $4.11/100g",Deli Cheese,/p/20828822_EA
Mild Gouda,$6.00 ,$7.29 ,"170 g, $3.53/100g",Deli Cheese,/p/21397352_EA
Burger Blue,$8.29 ,$8.29 ,"150 g, $5.53/100g",Deli Cheese,/p/20777327_EA
"Swiss Cheese Slices, Club Pack",$12.00 ,$12.00 ,"500 g, $2.40/100g",Deli Cheese,/p/20099585_EA
Bocconcini,$6.99 ,$6.99 ,"200 g, $3.50/100g",Deli Cheese,/p/20219848_EA
Red Wine Aged Cheddar,$6.99 ,$6.99 ,"170 g, $4.11/100g",Deli Cheese,/p/21060566_EA
"Fresh Soft Cheese Cream Cheese Product With Ginger, Chili And Coconut 30% M.F.",$6.19 ,$6.19 ,"125 g, $4.95/100g",Deli Cheese,/p/21517592_EA
Original Cheese,$8.99 ,$8.99 ,"190 g, $4.73/100g",Deli Cheese,/p/20920756_EA
Original Soft Unripened Goat’s Milk Cheese ,$9.49 ,$9.49 ,"300 g, $3.16/100g",Deli Cheese,/p/20569735_EA
La Bonaparte Brie Camembert Cheese,$8.49 ,$8.49 ,"300 g, $2.83/100g",Deli Cheese,/p/20817961_EA
Creamy Havarti Cheese ,$12.99 ,$12.99 ,"500 g, $2.60/100g",Deli Cheese,/p/21364676_EA
Camembert Cheese,$8.49 ,$8.49 ,"300 g, $2.83/100g",Deli Cheese,/p/20817966_EA
Bellavitano Firm Ripened Cheese With Garlic And Herb 32% M.F.,$10.99 ,$10.99 ,"150 g, $7.33/100g",Deli Cheese,/p/21535809_EA
St-Albert Co-Op Cheddar Cheese Curds Poutine 31% M.F.,$29.79 ,$29.79 ,"2 kg, $1.49/100g",Deli Cheese,/p/21121538_EA
"Light, 18 Pack",$12.49 ,$12.49 ,"360 g, $0.58/100g",Deli Cheese,/p/20574335_EA
Cheddar,$4.99 ,$4.99 ,"120 g, $4.16/100g",Deli Cheese,/p/20718038_EA
Spicy Dill Pickle Jalapeño And Dill Monterey Jack Cheese 29% M.F.,$10.99 ,$10.99 ,"250 g, $4.40/100g",Deli Cheese,/p/21517459_EA
Black Pepper Cheddar Cheese Slices,$7.49 ,$7.49 ,"150 g, $4.99/100g",Deli Cheese,/p/21364680_EA
Cheese Smoked 8 Portions,$3.99 ,$3.99 ,"133 g, $3.00/100g",Deli Cheese,/p/21093442_EA
Smoked Gouda,$6.00 ,$7.49 ,"170 g, $3.53/100g",Deli Cheese,/p/21397420_EA
Bradbury Saxon Cross Smoked Cheddar,$6.99 ,$6.99 ,"200 g, $3.50/100g",Deli Cheese,/p/20816781_EA
Dairy Snack Light 13% M.F. ,$9.99 ,$9.99 ,"240 g, $4.16/100g",Deli Cheese,/p/20167537_EA
"Ricotta, light",$10.49 ,$10.49 ,"500 g, $2.10/100g",Deli Cheese,/p/20573933_EA
"Asiago, Shredded",$8.99 ,$8.99 ,"140 g, $6.42/100g",Deli Cheese,/p/20563134_EA
Tapas De Queso Sliced Fine Cheese Selection,$8.99 ,$8.99 ,"150 g, $5.99/100g",Deli Cheese,/p/20871509_EA
Parmigiano Petals,$5.99 ,$5.99 ,"100 g, $5.99/100g",Deli Cheese,/p/21306426_EA
Smoked Mozzarella Cheese,$9.49 ,$9.49 ,"250 g, $3.80/100g",Deli Cheese,/p/21023266_EA
Tzatziki Yogurt Dip  ,$3.49 ,$3.49 ,"227 g, $1.54/100g"," Dips, Spreads & Antipasto",/p/20574522_EA
Hummus ,$3.49 ,$3.49 ,"227 g, $1.54/100g"," Dips, Spreads & Antipasto",/p/20584097_EA
Roasted Garlic Hummus Chickpea Dip & Spread,$3.49 ,$3.49 ,"227 g, $1.54/100g"," Dips, Spreads & Antipasto",/p/20584212_EA
Hummus Chickpea Dip And Spread,$6.00 ,$6.00 ,"454 g, $1.32/100g"," Dips, Spreads & Antipasto",/p/20584098_EA
Artichoke & Asiago Dip,$3.49 ,$3.49 ,"227 g, $1.54/100g"," Dips, Spreads & Antipasto",/p/20584040_EA
Roasted Red Pepper Dip,$3.49 ,$3.49 ,"227 g, $1.54/100g"," Dips, Spreads & Antipasto",/p/20584005_EA
Traditional Tzatziki Yogurt Dip,$6.00 ,$6.00 ,"454 g, $1.32/100g"," Dips, Spreads & Antipasto",/p/20584001_EA
Spinach Dip,$3.49 ,$3.49 ,"227 g, $1.54/100g"," Dips, Spreads & Antipasto",/p/20584012_EA
Classic hummus     ,$4.99 ,$4.99 ,"283 g, $1.76/100g"," Dips, Spreads & Antipasto",/p/20005858_EA
Hummus Dill Pickle,$4.49 ,$4.49 ,"227 g, $1.98/100g"," Dips, Spreads & Antipasto",/p/21471938_EA
Roasted Garlic Hummus,$6.00 ,$6.00 ,"454 g, $1.32/100g"," Dips, Spreads & Antipasto",/p/20584213_EA
Tzatziki,$3.49 ,$3.49 ,"227 g, $1.54/100g"," Dips, Spreads & Antipasto",/p/20583408_EA
Roasted Red Pepper Hummus,$3.49 ,$3.49 ,"227 g, $1.54/100g"," Dips, Spreads & Antipasto",/p/21124365_EA
Baba Ghanouj,$3.49 ,$3.49 ,"227 g, $1.54/100g"," Dips, Spreads & Antipasto",/p/20584033_EA
Spinach Dip,$6.00 ,$6.00 ,"454 g, $1.32/100g"," Dips, Spreads & Antipasto",/p/20583725_EA
Pico De Gallo Mild Salsa,$5.99 ,$5.99 ,"300 g, $2.00/100g"," Dips, Spreads & Antipasto",/p/20959575_EA
Chunky Guacamole,$6.99 ,$6.99 ,"425 g, $1.64/100g"," Dips, Spreads & Antipasto",/p/21448102_EA
Olive Tapenade Hummus Chickpea Dip & Spread,$4.49 ,$4.49 ,"280 g, $1.60/100g"," Dips, Spreads & Antipasto",/p/20811328_EA
"Hummus, Mini",$4.99 ,$4.99 ,"228 g, $2.19/100g"," Dips, Spreads & Antipasto",/p/20754856_EA
"Chunky Guacamole, Original",$4.99 ,$4.99 ,"227 g, $2.20/100g"," Dips, Spreads & Antipasto",/p/21448092_EA
"Chunky Guacamole, Original",$6.99 ,$6.99 ,"425 g, $1.66/100g"," Dips, Spreads & Antipasto",/p/21448106_EA
Everything Bagel Hummus,$3.49 ,$3.49 ,"227 g, $1.54/100g"," Dips, Spreads & Antipasto",/p/21474403_EA
Hummus Roasted Garlic,$4.99 ,$4.99 ,"283 g, $1.76/100g"," Dips, Spreads & Antipasto",/p/20103342_EA
Hummus Roasted Red Pepper,$4.99 ,$4.99 ,"283 g, $1.76/100g"," Dips, Spreads & Antipasto",/p/20103117_EA
"Roasted Garlic, Red Pepper & Cumin Hummus Chickpea Dip And Spread",$4.49 ,$4.49 ,"280 g, $1.60/100g"," Dips, Spreads & Antipasto",/p/20811384_EA
Artichoke & Asiago Dip,$6.00 ,$6.00 ,"454 g, $1.32/100g"," Dips, Spreads & Antipasto",/p/20583652_EA
Hummus,$10.49 ,$10.49 ,"908 g, $1.16/100g"," Dips, Spreads & Antipasto",/p/21109909_EA
Chunky Guacamole,$4.99 ,$4.99 ,"227 g, $2.20/100g"," Dips, Spreads & Antipasto",/p/21448079_EA
Bruschetta Topping With Roasted Vegetables,$3.49 ,$3.49 ,"227 g, $1.54/100g"," Dips, Spreads & Antipasto",/p/20583660_EA
Guacamole Authentic Flavor 6 Cups,$7.00 ,$7.00 ,"57 g, $12.28/100g"," Dips, Spreads & Antipasto",/p/21093701_EA
Mini Roasted Garlic Hummus Chickpea Dip And Spread,$4.99 ,$4.99 ,"228 g, $2.19/100g"," Dips, Spreads & Antipasto",/p/20754859_EA
Hummus,$7.49 ,$7.49 ,"482 g, $1.55/100g"," Dips, Spreads & Antipasto",/p/20583873_EA
Medium Fresh Salsa,$5.99 ,$5.99 ,"430 ml, $1.39/100ml"," Dips, Spreads & Antipasto",/p/20571848_EA
Organic Hummus Chickpea Dip & Spread,$3.49 ,$3.49 ,"190 g, $1.84/100g"," Dips, Spreads & Antipasto",/p/20944429_EA
Spicy Hummus,$3.49 ,$3.49 ,"227 g, $1.54/100g"," Dips, Spreads & Antipasto",/p/20584216_EA
Avocado Hummus,$3.49 ,$3.49 ,"227 g, $1.54/100g"," Dips, Spreads & Antipasto",/p/21363844_EA
Fiesta 5-Layer Dip,$6.99 ,$7.99 ,"454 g, $1.54/100g"," Dips, Spreads & Antipasto",/p/20590024_EA
Za'atar Hummus,$4.49 ,$4.49 ,"280 g, $1.60/100g"," Dips, Spreads & Antipasto",/p/21446583_EA
Restaurant Style Medium Guacamole,$8.49 ,$8.49 ,"340 g, $2.50/100g"," Dips, Spreads & Antipasto",/p/21335420_EA
Hummus Caramelized Onion,$4.99 ,$4.99 ,"283 g, $1.76/100g"," Dips, Spreads & Antipasto",/p/20883996_EA
Mini Hummus Chickpea Dip And Spread,$9.99 ,$11.29 ,"12x57.0 g, $1.46/100g"," Dips, Spreads & Antipasto",/p/20862992_EA
Caramelized Onion Hummus,$4.49 ,$4.49 ,"280 g, $1.60/100g"," Dips, Spreads & Antipasto",/p/21124361_EA
Organic Plant Based Hummus Garlic,$3.49 ,$3.49 ,"190 g, $1.84/100g"," Dips, Spreads & Antipasto",/p/20944461_EA
Seasoned Hummus Everything Bagel,$4.99 ,$4.99 ,"283 g, $1.76/100g"," Dips, Spreads & Antipasto",/p/21367003_EA
Jalapeño Feta Cheese,$4.49 ,$5.29 ,"250 ml, $1.80/100ml"," Dips, Spreads & Antipasto",/p/20501035_EA
Olives Stuffed Halkidiki    ,$10.00 ,$10.00 ,"1 l, $1.00/100ml"," Dips, Spreads & Antipasto",/p/21176872_EA
Olives,$5.49 ,$5.49 ,"250 ml, $2.20/100ml"," Dips, Spreads & Antipasto",/p/20596551_EA
Pitted Kalamata Olives,$5.49 ,$5.49 ,"250 ml, $2.20/100ml"," Dips, Spreads & Antipasto",/p/20863239_EA
Party Mix Olives,$5.49 ,$5.49 ,"250 ml, $2.20/100ml"," Dips, Spreads & Antipasto",/p/20596554_EA
Chocolate Hummus,$3.99 ,$3.99 ,"227 g, $1.76/100g"," Dips, Spreads & Antipasto",/p/21218254_EA
Hummus With Pine Nuts   ,$7.99 ,$7.99 ,"482 g, $1.66/100g"," Dips, Spreads & Antipasto",/p/21341765_EA
"Mammoth Olives, Pitted",$6.00 ,$6.00 ,"500 ml, $1.20/100ml"," Dips, Spreads & Antipasto",/p/20501269_EA
Guacamole Mild,$5.99 ,$5.99 ,"227 g, $2.64/100g"," Dips, Spreads & Antipasto",/p/21064921_EA
Garlic Dip & Sauce Original,$4.79 ,$4.79 ,"200x200.0 g, $2.40/100g"," Dips, Spreads & Antipasto",/p/21549353_EA
Stuffed Mammoth Olives,$6.00 ,$6.00 ,"500 ml, $1.20/100ml"," Dips, Spreads & Antipasto",/p/20501247_EA
Kalamata Olives,$6.00 ,$6.00 ,"500 ml, $1.20/100ml"," Dips, Spreads & Antipasto",/p/20501267_EA
Classic      ,$11.49 ,$11.49 ,"850 g, $1.35/100g"," Dips, Spreads & Antipasto",/p/21332931_EA
Kalamata Pesto,$6.00 ,$6.00 ,"190 ml, $3.16/100g"," Dips, Spreads & Antipasto",/p/20733717_EA
Organics Roasted Red Pepper Hummus,$3.79 ,$3.79 ,"190 g, $1.99/100g"," Dips, Spreads & Antipasto",/p/21474376_EA
Mini Roasted Garlic Hummus Chickpea Dip And Spread,$9.99 ,$11.29 ,"12x57.0 g, $1.46/100g"," Dips, Spreads & Antipasto",/p/20862991_EA
Olive Bruschetta,$6.00 ,$6.00 ,"330 g, $1.82/100g"," Dips, Spreads & Antipasto",/p/20863393_EA
Garlic & Red Pepper Stuffed Olives,$8.00 ,$8.00 ,"375 ml, $2.13/100ml"," Dips, Spreads & Antipasto",20654769001_EA
Jumbo Pitted Green Olives,$5.49 ,$5.49 ,"250 ml, $2.20/100ml"," Dips, Spreads & Antipasto",/p/20596426_EA
Spicy Hummus Chickpea Dip & Spread,$6.00 ,$6.00 ,"454 g, $1.32/100g"," Dips, Spreads & Antipasto",/p/20584218_EA
Roasted Red Pepper Hummus,$6.00 ,$6.00 ,"454 g, $1.32/100g"," Dips, Spreads & Antipasto",/p/21124318_EA
4-Layer Loaded Pierogi Dip,$6.99 ,$7.99 ,"425 g, $1.64/100g"," Dips, Spreads & Antipasto",/p/21518816_EA
Dip Assortment,$8.49 ,$8.49 ,"500 g, $1.70/100g"," Dips, Spreads & Antipasto",/p/20213083_EA
Hummus with Roasted Garlic,$7.49 ,$7.49 ,"482 g, $1.55/100g"," Dips, Spreads & Antipasto",/p/21095636_EA
Plant Based Cucumber Dil Cashew Dip,$4.00 ,$4.00 ,"200 g, $2.00/100g"," Dips, Spreads & Antipasto",/p/21172577_EA
Hummus Supremely Spicy,$4.99 ,$4.99 ,"283 g, $1.76/100g"," Dips, Spreads & Antipasto",/p/20035207_EA
Black Olive Tapenade,$6.00 ,$6.00 ,"190 g, $3.16/100g"," Dips, Spreads & Antipasto",/p/20734355_EA
Spinach Dip,$9.99 ,$11.29 ,"12x57.0 g, $1.46/100g"," Dips, Spreads & Antipasto",/p/21050426_EA
Stuffed Mammoth Green Olives,$5.49 ,$5.49 ,"250 ml, $2.20/100ml"," Dips, Spreads & Antipasto",/p/20596428_EA
Hummus Spicy Hot,$4.49 ,$4.49 ,"280 g, $1.60/100g"," Dips, Spreads & Antipasto",/p/21124364_EA
5-Layer All Dressed Dip,$6.99 ,$7.99 ,"425 g, $1.64/100g"," Dips, Spreads & Antipasto",/p/21519236_EA
Olives Kalamata     ,$10.00 ,$10.00 ,"1 l, $1.00/100ml"," Dips, Spreads & Antipasto",/p/21176866_EA
"Hummus, Roasted Red Pepper",$7.49 ,$7.49 ,"482 g, $1.55/100g"," Dips, Spreads & Antipasto",/p/20867130_EA
Olive Medley,$6.00 ,$6.00 ,"500 ml, $1.20/100ml"," Dips, Spreads & Antipasto",/p/20501268_EA
Roasted Pepper & Paprika Hummus Chickpea Dip And Spread,$4.49 ,$4.49 ,"280 g, $1.60/100g"," Dips, Spreads & Antipasto",/p/20811387_EA
Hummus Greek Olive,$4.99 ,$4.99 ,"283 g, $1.76/100g"," Dips, Spreads & Antipasto",/p/20092302_EA
Homestyle Greek Antipasto,$4.49 ,$5.29 ,"250 ml, $1.80/100ml"," Dips, Spreads & Antipasto",/p/20501072_EA
Sun Dried Tomatoes,$4.49 ,$5.29 ,"250 ml, $1.80/100ml"," Dips, Spreads & Antipasto",/p/20501052_EA
Plant Based Queso Style Cauliflower Dip,$4.00 ,$4.00 ,"200 g, $2.00/100g"," Dips, Spreads & Antipasto",/p/21363840_EA
Garlic Stuffed Green Olives,$4.99 ,$4.99 ,"250 ml, $2.00/100ml"," Dips, Spreads & Antipasto",/p/20276224_EA
Hummus Roasted Pine Nut,$4.99 ,$4.99 ,"283 g, $1.76/100g"," Dips, Spreads & Antipasto",/p/20021596_EA
Olives Party Mix    ,$10.00 ,$10.00 ,"1 l, $1.00/100ml"," Dips, Spreads & Antipasto",/p/21176852_EA
"Hummus, Supremely Spicy",$7.49 ,$7.49 ,"482 g, $1.55/100g"," Dips, Spreads & Antipasto",/p/21095620_EA
Basil Pesto,$6.00 ,$6.00 ,"190 ml, $3.16/100ml"," Dips, Spreads & Antipasto",/p/20734165_EA
Beet Hummus Chickpea Dip And Spread,$4.49 ,$4.49 ,"280 g, $1.60/100g"," Dips, Spreads & Antipasto",/p/20959181_EA
Queso Cheese Dip,$5.49 ,$5.49 ,"227 g, $2.42/100g"," Dips, Spreads & Antipasto",/p/21390938_EA
Original Crackers,$2.99 ,$2.99 ,"180 g, $1.66/100g",Crackers & Condiments,/p/21547034_EA
Traditional Naan Dippers,$3.49 ,$3.49 ,"200 g, $1.75/100g",Crackers & Condiments,/p/21092033_EA
Toppables  Crackers,$2.99 ,$2.99 ,"386 g, $0.77/100g",Crackers & Condiments,/p/21449871_EA
"Pretzel Crisps, Original",$5.49 ,$5.49 ,"200 g, $2.75/100g",Crackers & Condiments,/p/20948940_EA
Sea Salt Crackers,$2.99 ,$2.99 ,"185 g, $1.62/100g",Crackers & Condiments,20603888003_EA
Breton Garden Vegetable Crackers,$3.49 ,$3.49 ,"200 g, $1.75/100g",Crackers & Condiments,/p/21520682_EA
Crispy Minis All Dressed Flavour Brown Rice Chips,$2.79 ,$2.79 ,"100 g, $2.79/100g",Crackers & Condiments,/p/21427917_EA
Breton Original Crackers,$3.49 ,$3.49 ,"200 g, $1.75/100g",Crackers & Condiments,/p/21520666_EA
Original Crackers,$2.99 ,$2.99 ,"180 g, $1.66/100g",Crackers & Condiments,/p/21547049_EA
Mega Bites Sharp Cheddar,$2.79 ,$2.79 ,"167 g, $1.67/100g",Crackers & Condiments,/p/21472373_EA
Rosemary Crackers,$2.99 ,$2.99 ,"185 g, $1.62/100g",Crackers & Condiments,20603888002_EA
Multigrain Crackers,$2.99 ,$2.99 ,"180 g, $1.66/100g",Crackers & Condiments,/p/21547048_EA
Crispy Minis Tortilla Farmhouse Cheddar Flavour Brown Rice Chips,$2.79 ,$2.79 ,"100 g, $2.79/100g",Crackers & Condiments,/p/21427915_EA
Crispy Minis Tortilla Sour Cream & Chive Flavour Brown Rice Chips,$2.79 ,$2.79 ,"100 g, $2.79/100g",Crackers & Condiments,/p/21427916_EA
"Vegetable Thins, Original",$2.99 ,$2.99 ,"180 g, $1.66/100g",Crackers & Condiments,/p/21547047_EA
"Crackers, Low Sodium",$2.99 ,$2.99 ,"180 g, $1.66/100g",Crackers & Condiments,/p/21547040_EA
"Pretzel Crisps, Garlic Parmesan    ",$5.49 ,$5.49 ,"200 g, $2.75/100g",Crackers & Condiments,/p/20948939_EA
Crispy Minis Brown Rice Chips Sweet & Thin Salted Caramel,$2.79 ,$2.79 ,"90 g, $3.10/100g",Crackers & Condiments,/p/21517017_EA
Crispy Minis Brown Rice Chips Sweet & Thin Cocoa Crunch,$2.79 ,$2.79 ,"90 g, $3.10/100g",Crackers & Condiments,/p/21522525_EA
"Crackers, Swiss Cheese",$2.99 ,$2.99 ,"180 g, $1.66/100g",Crackers & Condiments,/p/21547021_EA
"Pretzel Crisps, Everything    ",$5.49 ,$5.49 ,"200 g, $2.75/100g",Crackers & Condiments,/p/20948904_EA
Water Crackers,$2.99 ,$2.99 ,"125 g, $2.39/100g",Crackers & Condiments,/p/20431236_EA
Crackers,$2.99 ,$2.99 ,"180 g, $1.66/100g",Crackers & Condiments,/p/21547023_EA
Mega Bites Cheddar Jalapeno,$2.79 ,$2.79 ,"167 g, $1.67/100g",Crackers & Condiments,/p/21472420_EA
Breton Basil and Olive Oil Crackers,$3.49 ,$3.49 ,"200 g, $1.75/100g",Crackers & Condiments,/p/21520698_EA
Veggie Crisps Cracker Chips All Dressed,$3.49 ,$3.49 ,"100 g, $3.49/100g",Crackers & Condiments,/p/21520207_EA
"Cheese Nibs, Cheddar",$2.99 ,$2.99 ,"180 g, $1.66/100g",Crackers & Condiments,/p/21547043_EA
Crisp & Thin Vegetable Crackers,$2.99 ,$2.99 ,"225 g, $1.33/100g",Crackers & Condiments,20185144001_EA
M.Y Sans Crackers,$6.48 ,$6.48 ,"800 g, $0.81/100g",Crackers & Condiments,/p/21176798_EA
"Cheese Bits, Cheddar",$2.99 ,$2.99 ,"180 g, $1.66/100g",Crackers & Condiments,/p/21547029_EA
Crackers Double Cheese Flavour Snack,$4.29 ,$4.29 ,"213 g, $2.01/100g",Crackers & Condiments,/p/21451181_EA
Mini Cheese Crackers,$2.99 ,$2.99 ,"6x30.0 g, $1.66/100g",Crackers & Condiments,/p/21500649_EA
Breton Multigrain Crackers,$3.49 ,$3.49 ,"200 g, $1.75/100g",Crackers & Condiments,/p/21520685_EA
Fine Cracker Assortment,$5.49 ,$5.49 ,"250 g, $2.20/100g",Crackers & Condiments,/p/20162130_EA
Crackers Cheddar Sour Cream & Onion Flavour Snack ,$4.29 ,$4.29 ,"213 g, $2.01/100g",Crackers & Condiments,/p/21449846_EA
"Mini Pita Crackers, Sea Salt",$2.99 ,$2.99 ,"142 g, $2.11/100g",Crackers & Condiments,/p/21380316_EA
Bacon Crackers,$2.99 ,$2.99 ,"180 g, $1.66/100g",Crackers & Condiments,/p/21547032_EA
Thin Crisps Jalapeno Crackers,$2.99 ,$2.99 ,"200 g, $1.50/100g",Crackers & Condiments,/p/21433485_EA
"Breton Crackers, Garden Vegetable, Gluten Free",$3.49 ,$3.49 ,"135 g, $2.59/100g",Crackers & Condiments,/p/21520206_EA
Crackers Sociables,$2.99 ,$2.99 ,"180 g, $1.66/100g",Crackers & Condiments,/p/21547037_EA
Vinta Rosemary & Olive Oil Crackers,$3.29 ,$3.29 ,"225 g, $1.46/100g",Crackers & Condiments,/p/21520703_EA
Apricot and Rosemary Artisan Crisps,$6.00 ,$6.00 ,"150 g, $4.00/100g",Crackers & Condiments,/p/20501554_EA
Cranberry and Fennel Artisan Crisps,$6.00 ,$6.00 ,"150 g, $4.00/100g",Crackers & Condiments,/p/20501555_EA
Breton Morning Toasts Everything,$3.49 ,$3.49 ,"225 g, $1.55/100g",Crackers & Condiments,/p/21520706_EA
Vinta Roasted Red Pepper Crackers,$3.29 ,$3.29 ,"225 g, $1.46/100g",Crackers & Condiments,/p/21520702_EA
"Bold 'n Baked Chips, Hot, Jalapeño Cheddar Flavour",$3.29 ,$3.29 ,"150 g, $2.19/100g",Crackers & Condiments,/p/21520709_EA
Crispy Minis Brown Rice Chips Cheddar,$16.99 ,$16.99 ,"864 g, $1.97/100g",Crackers & Condiments,p/21451213_C01
Thins Three Cheese Flatbreads,$4.99 ,$4.99 ,"125 g, $3.99/100g",Crackers & Condiments,/p/21124906_EA
Salted Tortillas,$5.99 ,$5.99 ,"397 g, $1.51/100g",Crackers & Condiments,/p/20325398_EA
12 Grain Naan Crisps,$3.79 ,$3.79 ,"170 g, $2.23/100g",Crackers & Condiments,/p/21179846_EA
Fully Loaded Natural Flavour Original Popped Potato Snack,$4.29 ,$4.29 ,"142 g, $3.02/100g",Crackers & Condiments,/p/21433203_EA
Artisan Mini Crisps Cranberry & Fennel,$6.00 ,$6.00 ,"150 g, $4.00/100g",Crackers & Condiments,/p/21309911_EA
Thins Onion Flatbreads,$4.99 ,$4.99 ,"125 g, $3.99/100g",Crackers & Condiments,/p/21124905_EA
Crostini Garlic Parmesan,$4.99 ,$4.99 ,"150 g, $3.33/100g",Crackers & Condiments,/p/21298212_EA
Baguettes Toasted Snack Bread Jalapeño Cheddar Flavour ,$3.99 ,$3.99 ,"120 g, $3.33/100g",Crackers & Condiments,/p/21468543_EA
Cheese Melts,$3.29 ,$3.29 ,"150 g, $2.19/100g",Crackers & Condiments,/p/20169688_EA
Breton Reduced Fat and Salt Crackers,$3.49 ,$3.49 ,"200 g, $1.75/100g",Crackers & Condiments,/p/21520707_EA
"Crackers, Snack Pack",$2.99 ,$2.99 ,"250 g, $1.20/100g",Crackers & Condiments,/p/20925691_EA
Crisp & Thin Crackers with Flax & Honey,$2.99 ,$2.99 ,"225 g, $1.33/100g",Crackers & Condiments,20185144004_EA
Sea Salt Original Popped Potato Snack,$4.29 ,$4.29 ,"142 g, $3.02/100g",Crackers & Condiments,/p/21432844_EA
Crisp & Thin Whole Grain Crackers,$2.99 ,$2.99 ,"225 g, $1.33/100g",Crackers & Condiments,20213679001_EA
Breton Cracked Pepper and Olive Oil Crackers,$3.49 ,$3.49 ,"200 g, $1.75/100g",Crackers & Condiments,/p/21520699_EA
Pita Chips Parmesan Garlic + Herb,$4.29 ,$4.29 ,"227 g, $1.89/100g",Crackers & Condiments,/p/21123290_EA
Sea Salt & Vinegar Flavoured Original Popped Potato Snack,$4.29 ,$4.29 ,"142 g, $3.02/100g",Crackers & Condiments,/p/21432836_EA
Mini Crisp & Thin Multigrain Crackers,$3.29 ,$3.29 ,"200 g, $1.65/100g",Crackers & Condiments,/p/21295601_EA
Cheese Nibs Cheddar/Jalapeno Crackers,$2.99 ,$2.99 ,"200 g, $1.50/100g",Crackers & Condiments,/p/21522300_EA
BBQ Flavoured Original Popped Potato Snack,$4.29 ,$4.29 ,"142 g, $3.02/100g",Crackers & Condiments,/p/21432841_EA
Spicy Cheddar Crackers,$2.99 ,$2.99 ,"200 g, $1.50/100g",Crackers & Condiments,/p/21389567_EA
Naan Original Crisps,$3.79 ,$3.79 ,"170 g, $2.23/100g",Crackers & Condiments,/p/21179832_EA
Breton Morning Toasts Oats & Honey,$3.49 ,$3.49 ,"225 g, $1.55/100g",Crackers & Condiments,/p/21520704_EA
Biscuits for Cheese ,$7.49 ,$7.49 ,"500 g, $1.50/100g",Crackers & Condiments,/p/20085587_EA
Original Aged White Cheddar Flavoured Popped Potato Snack,$4.29 ,$4.29 ,"142 g, $3.02/100g",Crackers & Condiments,/p/21433204_EA
Cheez-It Baked Snack Crackers Original,$4.29 ,$4.29 ,"352 g, $1.22/100g",Crackers & Condiments,/p/21425132_EA
Crostini Olive Oil and Sea Salt ,$4.99 ,$4.99 ,"150 g, $3.33/100g",Crackers & Condiments,/p/21298198_EA
Fig & Kalamata Olive Artisan Mini Crisps,$6.00 ,$6.00 ,"150 g, $4.00/100g",Crackers & Condiments,/p/21309936_EA
Melba Toast Sourdough Flavour,$5.99 ,$5.99 ,"400 g, $1.50/100g",Crackers & Condiments,/p/21520208_EA
Jamaican Water Crackers,$2.29 ,$2.29 ,"300 g, $0.76/100g",Crackers & Condiments,/p/20040825_EA
Crackers jalapeño Jack Flavour Snack ,$4.29 ,$4.29 ,"213 g, $2.01/100g",Crackers & Condiments,/p/21449840_EA
Cheese Nibs Sweet Chili & Sour Cream Crackers,$2.99 ,$2.99 ,"200 g, $1.50/100g",Crackers & Condiments,/p/21522564_EA
Gourmet Rice Snacks Wild Black Japonica Rice,$4.49 ,$4.49 ,"155 g, $2.90/100g",Crackers & Condiments,/p/21358810_EA
Table Water Crackers,$3.29 ,$3.29 ,"125 g, $2.63/100g",Crackers & Condiments,/p/20321094_EA
Raisin and Black Currant Artisan Crisps,$6.00 ,$6.00 ,"150 g, $4.00/100g",Crackers & Condiments,/p/20501557_EA
Croccantini Mini Crackers Rosemary,$4.99 ,$4.99 ,"170 g, $2.94/100g",Crackers & Condiments,/p/21348440_EA
"Jalapeno Crackers, School Snacks",$2.79 ,$2.79 ,"145 g, $1.92/100g",Crackers & Condiments,/p/21433256_EA
Original Sour Cream & Onion Flavoured Popped Potato Snack,$4.29 ,$4.29 ,"142 g, $3.02/100g",Crackers & Condiments,/p/21432825_EA
Grahams Honey Graham Crackers,$2.49 ,$2.49 ,"200 g, $1.25/100g",Crackers & Condiments,/p/20171785_EA
Tsokolate Crackers,$2.49 ,$2.49 ,"300 g, $0.83/100g",Crackers & Condiments,/p/21311874_EA
Mini Crisp & Thin Vegetable Crackers,$3.29 ,$3.29 ,"200 g, $1.65/100g",Crackers & Condiments,/p/21295605_EA
"Tofu, Extra Firm",$2.99 ,$2.99 ,"350 g, $0.85/100g",Vegan & Vegetarian,/p/20570507_EA
Organic Tofu Extra Firm,$3.99 ,$3.99 ,"350 g, $1.14/100g",Vegan & Vegetarian,/p/21023474_EA
"Tofu, Medium Firm",$2.49 ,$2.49 ,"454 g, $0.55/100g",Vegan & Vegetarian,/p/20022239_EA
"Tofu, Soft",$1.88 ,$1.88 ,"300 g, $0.63/100g",Vegan & Vegetarian,/p/20135704_EA
"Tofu Dessert, Peach Mango ",$1.88 ,$1.88 ,"2x150.0 g, $0.63/100g",Vegan & Vegetarian,/p/20569354_EA
"Veggie Ground Round, Original",$5.79 ,$5.79 ,"340 g, $1.70/100g",Vegan & Vegetarian,/p/20507159_EA
Tofu Smoked,$4.79 ,$4.79 ,"180 g, $2.66/100g",Vegan & Vegetarian,/p/21361775_EA
Traditional Tofu,$2.99 ,$2.99 ,"700 g, $0.43/100g",Vegan & Vegetarian,/p/20571249_EA
Veggie Ham Slices,$4.49 ,$4.49 ,"155 g, $2.90/100g",Vegan & Vegetarian,/p/20597353_EA
"Veggie Hot Dogs, Family Pack",$6.49 ,$6.49 ,"450 g, $1.44/100g",Vegan & Vegetarian,/p/20032594_EA
"Tofu Dessert, Almond Flavoured",$1.88 ,$1.88 ,"2x150.0 g, $0.63/100g",Vegan & Vegetarian,/p/20569353_EA
Veggie Turkey Slices,$4.49 ,$4.49 ,"155 g, $2.90/100g",Vegan & Vegetarian,/p/20597352_EA
Tofu Firm Organic 500 g,$3.99 ,$3.99 ,"500 g, $0.80/100g",Vegan & Vegetarian,/p/21371229_EA
Cutting Board Collection Mozza Flavour Shreds,$5.99 ,$5.99 ,"200 g, $3.00/100g",Vegan & Vegetarian,/p/21207740_EA
Chinese Puffs,$3.99 ,$3.99 ,"160 g, $2.49/100g",Vegan & Vegetarian,/p/21046803_EA
Dairy Free Cheese,$6.99 ,$6.99 ,"170 g, $4.11/100g",Vegan & Vegetarian,/p/21359049_EA
"Veggie Ground Round, Mexican",$5.79 ,$5.79 ,"340 g, $1.70/100g",Vegan & Vegetarian,/p/20507161_EA
"Ground Round, Club Pack",$14.99 ,$14.99 ,"1248 g, $1.20/100g",Vegan & Vegetarian,/p/20089678_EA
Cutting Board Collection Cheddar Flavour Shreds,$5.99 ,$5.99 ,"200 g, $3.00/100g",Vegan & Vegetarian,/p/21070311_EA
Extra Firm Tofu,$1.99 ,$1.99 ,"454 g, $0.44/100g",Vegan & Vegetarian,/p/21474765_EA
Smart Dogs Vegan Hot Dogs,$4.79 ,$4.79 ,"340 g, $1.41/100g",Vegan & Vegetarian,/p/21188678_EA
"Veggie Sausages, Spicy Italian",$5.79 ,$5.79 ,"380 g, $1.52/100g",Vegan & Vegetarian,/p/20596775_EA
"Tofu Dessert, Original",$1.99 ,$1.99 ,"2x150.0 g, $0.66/100g",Vegan & Vegetarian,/p/20569352_EA
Veggie Bacon Strips,$5.99 ,$5.99 ,"156 g, $3.84/100g",Vegan & Vegetarian,/p/20573903_EA
"Fresh Pack Tofu, Smooth",$2.99 ,$2.99 ,"700 g, $0.43/100g",Vegan & Vegetarian,/p/20571247_EA
Good Veggie Burger,$6.49 ,$6.49 ,"300 g, $2.16/100g",Vegan & Vegetarian,/p/20563191_EA
Smart Bacon Vegan Bacon Strips,$5.49 ,$5.49 ,"142 g, $3.87/100g",Vegan & Vegetarian,/p/21188691_EA
"Veggie Ground Round, Italian",$5.79 ,$5.79 ,"340 g, $1.70/100g",Vegan & Vegetarian,/p/20507160_EA
Firm Tofu,$1.99 ,$1.99 ,"454 g, $0.44/100g",Vegan & Vegetarian,/p/21474719_EA
Plant-based Feta Cheeze Flavour Crumbles,$5.99 ,$5.99 ,"170 g, $3.52/100g",Vegan & Vegetarian,/p/21538522_EA
Medium Firm Organic Tofu,$3.49 ,$3.49 ,"454 g, $0.77/100g",Vegan & Vegetarian,/p/21359781_EA
"Tofu Dessert, Coconut Flavoured",$1.99 ,$1.99 ,"2x150.0 g, $0.66/100g",Vegan & Vegetarian,/p/20569357_EA
"Tofu Dessert, Banana Flavoured",$1.88 ,$1.88 ,"2x150.0 g, $0.63/100g",Vegan & Vegetarian,/p/20569356_EA
"Veggie Burger, Package of 8",$8.00 ,$8.00 ,"568 g, $1.41/100g",Vegan & Vegetarian,/p/20061102_EA
Original Organic Tempeh,$5.99 ,$5.99 ,"227 g, $2.64/100g",Vegan & Vegetarian,/p/20975498_EA
Cheddar Flavour Slices,$5.99 ,$5.99 ,"220 g, $2.72/100g",Vegan & Vegetarian,/p/21335548_EA
Cutting Board Collection Mexican 4 Cheeze Flavour Blend Shreds,$5.99 ,$5.99 ,"200 g, $3.00/100g",Vegan & Vegetarian,/p/21355692_EA
Medium Firm Tofu,$1.99 ,$1.99 ,"454 g, $0.44/100g",Vegan & Vegetarian,/p/21474492_EA
Falafel Balls,$6.49 ,$6.49 ,"240 g, $2.70/100g",Vegan & Vegetarian,/p/20863017_EA
Caulicrumble Veg Grounds,$5.99 ,$5.99 ,"340 g, $1.76/100g",Vegan & Vegetarian,/p/21310529_EA
"Vegetarian Deli Slices, Hickory Smoked",$5.79 ,$5.79 ,"156 g, $3.71/100g",Vegan & Vegetarian,/p/20769188_EA
Smart Menu Plant-Based Meatballs,$5.99 ,$5.99 ,"227 g, $2.64/100g",Vegan & Vegetarian,/p/21188446_EA
Smart Ground Original Plant-Based Beef,$4.79 ,$4.79 ,"340 g, $1.41/100g",Vegan & Vegetarian,/p/21403060_EA
Gourmet Simulated Sausages Kale & Caramelized Onion Veggie Sausages,$8.49 ,$8.49 ,"400 g, $2.12/100g",Vegan & Vegetarian,/p/21096737_EA
Veggie Chicken Nuggets,$6.49 ,$6.49 ,"200 g, $3.25/100g",Vegan & Vegetarian,/p/21216317_EA
Plant Based Cheddar-Style Shreds,$4.99 ,$4.99 ,"200 g, $2.50/100g",Vegan & Vegetarian,/p/21208912_EA
Tempeh,$5.49 ,$5.49 ,"198 g, $2.77/100g",Vegan & Vegetarian,/p/21042733_EA
Plant Based Mozzarella-Style Shreds,$4.99 ,$4.99 ,"200 g, $2.50/100g",Vegan & Vegetarian,/p/21208905_EA
Frankfurters,$7.49 ,$7.49 ,"340 g, $2.20/100g",Vegan & Vegetarian,/p/21099186_EA
Egg Tofu,$2.29 ,$2.29 ,"245 g, $0.93/100g",Vegan & Vegetarian,/p/20755920_EA
Plant Based Cheddar-Style Block,$4.99 ,$4.99 ,"200 g, $2.50/100g",Vegan & Vegetarian,/p/21208902_EA
Smoked Gouda Flavour Slices,$5.99 ,$5.99 ,"220 g, $2.72/100g",Vegan & Vegetarian,/p/21335568_EA
"Teriyaki Tempeh Cubes, Plant-Based Vegan Protein",$6.99 ,$6.99 ,"170 g, $4.11/100g",Vegan & Vegetarian,/p/21527349_EA
Plant Based Cheddar-Style Slices,$4.99 ,$4.99 ,"200 g, $2.50/100g",Vegan & Vegetarian,/p/21208918_EA
Chive & Onion Creamy Spread,$5.99 ,$5.99 ,"227 g, $2.64/100g",Vegan & Vegetarian,/p/20688121_EA
Bacon Maple Flavour Tempeh,$5.49 ,$5.49 ,"198 g, $2.77/100g",Vegan & Vegetarian,/p/21042731_EA
Plant-based Grilling Cheeze Block,$5.99 ,$5.99 ,"195 g, $3.07/100g",Vegan & Vegetarian,/p/21457617_EA
Applewood Smoked Vegan,$9.79 ,$9.79 ,"200 g, $4.90/100g",Vegan & Vegetarian,/p/21334294_EA
Cheddar Flavoured Cheese Loaf,$5.49 ,$5.49 ,"250 g, $2.20/100g",Vegan & Vegetarian,/p/20571001_EA
FieldBurger Veggie Patties,$9.99 ,$9.99 ,"368 g, $2.71/100g",Vegan & Vegetarian,/p/21099184_EA
Plant Based Mozzarella-Style Slices,$4.99 ,$4.99 ,"200 g, $2.50/100g",Vegan & Vegetarian,/p/21208917_EA
Tofu Soft Organic,$2.49 ,$2.49 ,"300 g, $0.83/100g",Vegan & Vegetarian,/p/21291005_EA
"Cream Cheese Style Spread, Plain",$5.99 ,$5.99 ,"227 g, $2.64/100g",Vegan & Vegetarian,/p/20687853_EA
Big Brat Veggie Links,$6.00 ,$6.00 ,"300 g, $2.00/100g",Vegan & Vegetarian,/p/21352348_EA
Swiss Flavour Slices,$5.99 ,$5.99 ,"220 g, $2.72/100g",Vegan & Vegetarian,/p/21335551_EA
Veggie Chick'n Burgers,$6.49 ,$6.49 ,"300 g, $2.16/100g",Vegan & Vegetarian,/p/20563068_EA
Fiesta Veggie Links,$5.99 ,$5.99 ,"300 g, $2.00/100g",Vegan & Vegetarian,/p/21352394_EA
Broccoli Boost Veggie Grounds ,$5.99 ,$5.99 ,"340 g, $1.76/100g",Vegan & Vegetarian,/p/21310649_EA
Veggie Sausages Mediterranean Harissa,$8.49 ,$8.49 ,"400 g, $2.12/100g",Vegan & Vegetarian,/p/21119623_EA
"Vegan Sausage, Italian",$7.99 ,$7.99 ,"368 g, $2.17/100g",Vegan & Vegetarian,/p/20775476_EA
Chicken      ,$6.29 ,$6.29 ,"227 g, $2.77/100g",Vegan & Vegetarian,/p/20977032_EA
Plant Based Swiss-Style Slices,$4.99 ,$4.99 ,"200 g, $2.50/100g",Vegan & Vegetarian,/p/21208916_EA
Medium Cheddar Flavour Block,$5.99 ,$5.99 ,"200 g, $3.00/100g",Vegan & Vegetarian,/p/21070683_EA
Original Veggie Patty,$5.99 ,$5.99 ,"400 g, $1.50/100g",Vegan & Vegetarian,/p/21310525_EA
Mighty Mushroom Bites,$5.99 ,$5.99 ,"300 g, $2.00/100g",Vegan & Vegetarian,/p/21310605_EA
Silken Tofu,$1.99 ,$1.99 ,"454 g, $0.44/100g",Vegan & Vegetarian,/p/21476068_EA
Mozzarella Flavoured Cheese Loaf,$5.49 ,$5.49 ,"250 g, $2.20/100g",Vegan & Vegetarian,/p/20571003_EA
Apple Sausage,$7.99 ,$7.99 ,"368 g, $2.17/100g",Vegan & Vegetarian,/p/20982972_EA
Superfood Breakfast Bites,$5.99 ,$5.99 ,"300 g, $2.00/100g",Vegan & Vegetarian,/p/21310571_EA
Premium Soft Tofu,$2.49 ,$2.49 ,"530 g, $0.47/100g",Vegan & Vegetarian,/p/20838600_EA
"Cheese, Plant Based",$6.79 ,$6.79 ,"100 g, $6.79/100g",Vegan & Vegetarian,/p/21469509_EA
Organic Smoky Tempeh Bacon Strips,$6.49 ,$6.49 ,"170 g, $3.82/100g",Vegan & Vegetarian,/p/20975500_EA
Smart Tenders Plant-Based Chicken,$6.49 ,$6.49 ,"175 g, $3.71/100g",Vegan & Vegetarian,/p/21188638_EA
Lunch Mate Ham Lunch Kit,$4.29 ,$4.29 ,"90 g, $4.77/100g",Lunch & Snack Kits,/p/21310034_EA
Lunch Mate Turkey Lunch Kit,$4.29 ,$4.29 ,"90 g, $4.77/100g",Lunch & Snack Kits,/p/21309931_EA
Lunch Mate Pizza Pepperoni Lunch Kit,$4.29 ,$4.29 ,"120 g, $3.58/100g",Lunch & Snack Kits,/p/21215532_EA
Lunch Mate Two Cheese Pizza Lunch Kit,$4.29 ,$4.29 ,"120 g, $3.58/100g",Lunch & Snack Kits,/p/21215531_EA
Lunch Mate Bologna Lunch Kit,$4.29 ,$4.29 ,"90 g, $4.77/100g",Lunch & Snack Kits,/p/21310081_EA
Lunch Mate Kielbassa Lunch Kit,$4.29 ,$4.29 ,"90 g, $4.77/100g",Lunch & Snack Kits,/p/21310030_EA
Dry Cured Genoa Salami Snack Kit,$4.49 ,$4.49 ,"75 g, $5.99/100g",Lunch & Snack Kits,/p/21120967_EA
Dry Cured Italian Dry Salami Snack Kit,$4.49 ,$4.49 ,"75 g, $5.99/100g",Lunch & Snack Kits,/p/21120891_EA
Lunch Mate Hot Dogs Lunch Kit,$4.29 ,$4.29 ,"105 g, $4.09/100g",Lunch & Snack Kits,/p/20165736_EA
Hardwood Smoked Turkey Breast Snack Kit,$4.49 ,$4.49 ,"75 g, $5.99/100g",Lunch & Snack Kits,/p/21120887_EA
Lunch Mate Mini Burgers Lunch Kit,$4.29 ,$4.29 ,"102 g, $4.21/100g",Lunch & Snack Kits,/p/21093554_EA
"Salami, Almonds, Monterey Jack Cheese Snack Kit",$2.99 ,$2.99 ,"48 g, $6.23/100g",Lunch & Snack Kits,/p/21532710_EA
"Turkey, Almond, and Cheddar Cheese Snack Kit",$2.99 ,$2.99 ,"48 g, $6.23/100g",Lunch & Snack Kits,/p/21532720_EA
"Oven Roasted Ham, Cashew, and Cheddar Snack Kit",$2.99 ,$2.99 ,"48 g, $6.23/100g",Lunch & Snack Kits,/p/21532727_EA
Platter Fruit Small,$13.00 ,$13.00 ,"1180 g, $1.11/100g",Party Trays,/p/20079394_EA
Large Fruit Platter With Dip,$22.00 ,$22.00 ,"2.2 kg, $1.00/100g",Party Trays,/p/20081718_EA
Tripak Fruit,$10.00 ,$10.00 ,"1.2 kg, $0.83/100g",Party Trays,/p/20022119_EA
Large Vegetable Platter,$20.00 ,$20.00 ,"1.8 kg, $1.27/100g",Party Trays,/p/20121599_EA
Mini Cheese and Pepperoni Tray,$7.00 ,$7.00 ,"400 g, $17.50/1kg",Party Trays,/p/20652852_EA
Cheese & Grape Nibbler Party Tray,$6.00 ,$6.00 ,"1 ea, $1.50/100g",Party Trays,/p/20745675_EA
Seedless Watermelon Family Size,$10.00 ,$10.00 ,"2 kg, $0.50/100g",Party Trays,/p/21304368_EA
Platter Fruit Grapes Small,$13.00 ,$13.00 ,"1.2 kg, $1.08/100g",Party Trays,/p/21304413_EA
Cheese and Pepperoni Party Tray,$15.00 ,$15.00 ,"1 ea, $15.00/1ea",Party Trays,/p/20745525_EA
Deli Tray with Pepperoni and Genoa Salami,$20.99 ,$20.99 ,"850 g, $2.47/100g",Party Trays,/p/20923281_EA
Fiesta Dip with Naan and Chips,$9.00 ,$9.00 ,"820 g, $1.10/100g",Party Trays,/p/21359719_EA
Veggie Tray,$10.00 ,$10.00 ,"1.01 kg, $0.99/100g",Party Trays,/p/21209367_EA
Snack Platter Apple Almonds,$6.50 ,$6.50 ,"330 g, $1.97/100g",Party Trays,/p/21306369_EA
Spinach Dip with Bread,$6.00 ,$6.00 ,"677 g, $0.89/100g",Party Trays,/p/21359716_EA
Pepperoni Snack Tray,$14.29 ,$14.29 ,"425 g, $3.36/100g",Party Trays,/p/21086137_EA
Sourdough & Spinach Dip Party Tray,$12.00 ,$12.00 ,"1 ea, $12.00/1ea",Party Trays,/p/20745662_EA
Meat & Cheese Tray (24 Hour Notice Required),$25.00 ,$25.00 ,"986 g, $2.54/100g",Party Trays,/p/21516919_EA
Meat & Cheese Party Tray (Minimum 24 Hours Notice Required),$38.49 ,$38.49 ,"1 ea, $38.49/1ea",Party Trays,/p/20745524_EA
Deluxe Meat & Cheese Tray (24 Hour Notice Required),$25.00 ,$25.00 ,"905 g, $2.76/100g",Party Trays,/p/21516899_EA
Cheese & Snack Tray (24 Hour Notice Required),$25.00 ,$25.00 ,"931 g, $2.69/100g",Party Trays,/p/21516921_EA
14 Grains Bread,$3.49 ,$3.49 ,"600 g, $0.58/100g",Bread,/p/21178642_EA
Thick Slice Original Bread,$3.49 ,$3.49 ,"675 g, $0.52/100g",Bread,/p/20626915_EA
100% Whole Wheat Bread,$1.99 ,$1.99 ,"520 g, $0.38/100g",Bread,/p/21509597_EA
Original Bread,$1.99 ,$1.99 ,"520 g, $0.38/100g",Bread,/p/21509610_EA
Ancient Grains & Red Fife Bread,$3.49 ,$3.49 ,"600 g, $0.58/100g",Bread,/p/21178640_EA
White Baguette,$3.69 ,$3.69 ,"350 g, $1.05/100g",Bread,/p/20171171_EA
"Sourdough Loaf, Sliced",$3.00 ,$3.00 ,"675 g, $0.44/100g",Bread,/p/21440622_EA
"Bread, French Sliced",$1.00 ,$1.00 ,"450 g, $0.22/100g",Bread,/p/20788443_EA
Thick Sliced Bread 100% Whole Wheat ,$3.49 ,$3.49 ,"675 g, $0.52/100g",Bread,/p/20627034_EA
French Bread Unsliced,$1.00 ,$1.00 ,"450 g, $0.22/100g",Bread,/p/21116914_EA
Protein Bread,$3.49 ,$3.49 ,"600 g, $0.58/100g",Bread,/p/21429067_EA
Stone Milled Whole Wheat Bread,$3.49 ,$3.49 ,"600 g, $0.58/100g",Bread,/p/21178962_EA
White Bread,$3.49 ,$3.49 ,"570 g, $0.61/100g",Bread,/p/20305674_EA
Cinnamon Raisin Bread,$3.49 ,$3.49 ,"600 g, $0.58/100g",Bread,/p/21178967_EA
Quinoa Flax Bread,$3.49 ,$3.49 ,"600 g, $0.58/100g",Bread,/p/21428983_EA
"Sourdough Bread, Unsliced",$3.00 ,$3.00 ,"675 g, $0.44/100g",Bread,/p/20132458_EA
White Bread,$2.49 ,$2.49 ,"450 g, $0.55/100g",Bread,/p/21524537_EA
Whole Grains Bread No Sugar Added,$3.49 ,$3.49 ,"600 g, $0.58/100g",Bread,/p/21178630_EA
Everything Bread,$3.49 ,$3.49 ,"600 g, $0.58/100g",Bread,/p/21433366_EA
Sourdough Sliced Miche,$5.00 ,$5.29 ,"800 g, $0.63/100g",Bread,/p/21166112_EA
Whole Wheat Bread,$3.49 ,$3.49 ,"570 g, $0.61/100g",Bread,/p/20310409_EA
100% Whole Wheat Bread,$3.99 ,$3.99 ,"675 g, $0.59/100g",Bread,/p/20147355_EA
Bread Brizzolio Extra Soft Thick Slice,$3.49 ,$3.49 ,"600 g, $0.58/100g",Bread,/p/20773186_EA
Light Rye Bread,$3.49 ,$3.49 ,"500 g, $0.70/100g",Bread,/p/20097456_EA
Whole Wheat Bread,$2.49 ,$2.49 ,"450 g, $0.55/100g",Bread,/p/21524694_EA
Natural Bakery Rye Bread,$5.49 ,$5.49 ,"900 g, $0.96/100g",Bread,/p/20670248_EA
White Miche Sliced,$5.00 ,$5.29 ,"800 g, $0.63/100g",Bread,/p/20862393_EA
Sourdough Loaf,$3.49 ,$3.49 ,"650 g, $0.54/100g",Bread,/p/21430978_EA
"Bread, White + Fibre",$3.49 ,$3.49 ,"570 g, $0.61/100g",Bread,/p/20307980_EA
White Crustless Bread Tramezzini,$4.79 ,$4.79 ,"250 g, $1.92/100g",Bread,/p/20707988_EA
"Baguette, Whole Wheat",$1.00 ,$1.00 ,"280 g, $0.36/100g",Bread,/p/20692917_EA
Bakery No-Pocket Pita 5 Pitas,$2.49 ,$2.49 ,"515 g, $0.48/100g",Bread,/p/21185922_EA
Classico Italian Style Thick Slice White Bread,$4.49 ,$4.49 ,"510 g, $0.88/100g",Bread,/p/21285581_EA
100% Whole Grains 12 Grain Bread,$4.69 ,$4.69 ,"600 g, $0.78/100g",Bread,/p/20251602_EA
Thin Sliced White Sandwich Bread,$3.49 ,$3.49 ,"570 g, $0.61/100g",Bread,/p/21076312_EA
ACE White Demi Baguette,$2.99 ,$2.99 ,"200 g, $1.50/100g",Bread,/p/20118153_EA
"Sourdough Bread, Sliced",$3.00 ,$3.00 ,"675 g, $0.44/100g",Bread,/p/20345245_EA
Whole Wheat Crustless Bread Tramezzini,$4.79 ,$4.79 ,"250 g, $1.92/100g",Bread,/p/20708056_EA
Rustic Italian Oval,$4.49 ,$4.49 ,"350 g, $1.28/100g",Bread,/p/20067454_EA
100% Whole Wheat Plus Fibre Bread,$3.49 ,$3.49 ,"570 g, $0.61/100g",Bread,/p/20773113_EA
Roasted Garlic Oval,$3.79 ,$3.79 ,"398 g, $0.95/100g",Bread,/p/20928110_EA
Extra Raisins Hot Cross Buns,$4.79 ,$4.79 ,"8x70.6 g, $0.85/100g",Bread,/p/20027472_EA
Harvest Grain Oval,$4.29 ,$4.29 ,"454 g, $0.94/100g",Bread,/p/20055486_EA
Sliced Brioche Bread,$6.49 ,$6.49 ,"500 g, $1.30/100g",Bread,/p/20978205_EA
Little Big Bread,$5.29 ,$5.49 ,"430 g, $1.23/100g",Bread,/p/20711960_EA
Gluten Free Millet & Quinoa,$5.69 ,$5.69 ,"454 g, $1.25/100g",Bread,/p/21286866_EA
Roasted Garlic Crostino,$5.39 ,$5.39 ,"125 g, $4.31/100g",Bread,/p/20792806_EA
"Bread, Herb & Garlic",$3.49 ,$3.49 ,"600 g, $0.58/100g",Bread,/p/21509870_EA
Ready Bake Garlic Toast Texas-Style Bread,$5.29 ,$5.29 ,"16x40.0 g, $0.83/100g",Bread,/p/20041579_EA
Gluten Free White Bread,$5.69 ,$5.69 ,"454 g, $1.25/100g",Bread,/p/21245347_EA
Cheese Bun,$1.29 ,$1.29 ,"114 g, $1.13/100g",Bread,/p/20816750_EA
"Chia Bread, Sliced",$3.99 ,$3.99 ,"450 g, $0.89/100g",Bread,/p/20642554_EA
Broghies Wheat Popped Grains,$4.99 ,$4.99 ,"120 g, $4.16/100g",Bread,/p/21428185_EA
Cranberry & Oats Loaf,$3.49 ,$3.49 ,"600 g, $0.58/100g",Bread,/p/21430976_EA
Thick Sliced Brioche-Style Loaf,$3.49 ,$3.49 ,"620 g, $0.56/100g",Bread,/p/21450797_EA
Olive Ciabatta,$2.99 ,$2.99 ,"225 g, $1.33/100g",Bread,/p/20639473_EA
Three Cheese Oval,$5.39 ,$5.39 ,"454 g, $1.19/100g",Bread,/p/20414992_EA
"Texas Toast Bread, 100% Whole Wheat",$3.49 ,$3.49 ,"570 g, $0.61/100g",Bread,/p/20088225_EA
100% Whole Wheat Loaf,$4.49 ,$4.49 ,"450 g, $1.00/100g",Bread,/p/21015167_EA
Light Rye Bread,$4.00 ,$4.00 ,"900 g, $0.44/100g",Bread,/p/20003243_EA
White Oval,$3.79 ,$3.79 ,"454 g, $0.83/100g",Bread,/p/20833761_EA
Italian Garlic Bread,$2.99 ,$2.99 ,"500 g, $0.60/100g",Bread,/p/21012440_EA
Harvest Grain Baguette,$3.69 ,$3.69 ,"380 g, $0.97/100g",Bread,/p/20696966_EA
Artesano™ Original White Bread,$4.49 ,$4.49 ,"540 g, $0.83/100g",Bread,/p/21285580_EA
Roasted Garlic Mini Crisps,$5.39 ,$5.39 ,"180 g, $2.99/100g",Bread,/p/20278174_EA
Bread Cinnamon Raisin Sliced,$4.29 ,$4.29 ,"550 g, $0.78/100g",Bread,/p/20729432_EA
White Texas Sandwich Bread,$3.49 ,$3.49 ,"570 g, $0.61/100g",Bread,/p/20299150_EA
Broghies Corn Popped Grains,$4.99 ,$4.99 ,"120 g, $4.16/100g",Bread,/p/21428183_EA
Sesame Baguette,$3.69 ,$3.69 ,"325 g, $1.14/100g",Bread,/p/21019751_EA
"Ancient Grain Bread, Sliced",$3.49 ,$3.49 ,"560 g, $0.62/100g",Bread,/p/20343729_EA
Brioche Loaf Authentic Brioche,$8.49 ,$8.49 ,"400 g, $2.12/100g",Bread,/p/21414781_EA
Sourdough Baguette,$3.69 ,$3.69 ,"380 g, $0.97/100g",Bread,/p/21314348_EA
The Big 16,$5.29 ,$5.49 ,"615 g, $0.86/100g",Bread,20318061001_EA
Country Alps Bread,$3.99 ,$3.99 ,"450 g, $0.89/100g",Bread,/p/21524795_EA
"Baguette, White",$1.00 ,$1.00 ,"280 g, $0.33/100g",Bread,/p/20311054_EA
100% Whole Wheat Sandwich Bread,$4.00 ,$4.00 ,"900 g, $0.44/100g",Bread,/p/20897703_EA
100% Whole Grains Multigrain Bread,$4.69 ,$4.69 ,"600 g, $0.78/100g",Bread,/p/20157691_EA
White Bread Unsliced Club Pack,$6.49 ,$6.49 ,"1.8 kg, $0.36/100g",Bread,/p/21204520_EA
Ready Bake Garlic Parmesan Toast Texas-Style Bread,$5.29 ,$5.29 ,"16x40.0 g, $0.83/100g",Bread,/p/20291572_EA
"7 Grain Bread, Sliced",$3.49 ,$3.49 ,"570 g, $0.78/100g",Bread,/p/20341892_EA
"Pumpernickel Bread Boule, Unsliced",$3.00 ,$3.00 ,"675 g, $0.44/100g",Bread,/p/20653517_EA
Roasted Garlic Oval,$5.79 ,$5.79 ,"454 g, $1.28/100g",Bread,/p/20101020_EA
Holzofen Bread,$7.99 ,$7.99 ,"1.36 kg, $0.59/100g",Bread,/p/20056435_EA
"Flax Bread, Sliced",$3.49 ,$3.49 ,"450 g, $0.78/100g",Bread,/p/20345791_EA
Ciabatta Lunga,$3.69 ,$3.69 ,"390 g, $0.95/100g",Bread,/p/20354747_EA
White Bread,$0.01 ,$2.99 ,"450 g, $0.00/100g",Bread,/p/21375835_EA
Multigrain Miche Sliced,$5.00 ,$5.29 ,"600 g, $0.83/100g",Bread,/p/20972876_EA
Red Pepper & Tomato Ciabatta ,$2.99 ,$2.99 ,"225 g, $1.33/100g",Bread,/p/20639494_EA
"Bread, Whole Wheat  Unsliced Club Pack",$6.49 ,$6.49 ,"1.8 kg, $0.36/100g",Bread,/p/21204518_EA
Squirrelly Bread,$5.29 ,$5.49 ,"600 g, $0.88/100g",Bread,/p/20155511_EA
Cheddar & Onion Demi Baguette,$3.19 ,$3.19 ,"200 g, $1.60/100g",Bread,/p/21018897_EA
"Oval Pumpernickel Bread, Sliced",$3.00 ,$3.00 ,"675 g, $0.44/100g",Bread,/p/20653516_EA
Focaccia Quarter with Rosemary,$4.19 ,$4.19 ,"390 g, $1.07/100g",Bread,/p/20033411_EA
"Italian Bread, Multi-grain  Sliced",$4.29 ,$4.29 ,"450 g, $0.95/100g",Bread,/p/20344715_EA
"Sprouted Power, Omegamazing Grain Bread, Filled with Flax and Chia Seeds",$5.29 ,$5.29 ,"600 g, $0.88/100g",Bread,/p/21529214_EA
Bread Amazing Grain,$3.99 ,$3.99 ,"450 g, $0.89/100g",Bread,/p/21531849_EA
Cheddar & Onion Demi Baguette,$3.19 ,$3.19 ,"200 g, $1.60/100g",Bread,/p/21018897_EA
"Oval Pumpernickel Bread, Sliced",$3.00 ,$3.00 ,"675 g, $0.44/100g",Bread,/p/20653516_EA
Pizza Bun,$4.00 ,$4.00 ,"330 g, $1.21/100g",Bread,/p/21527292_EA
Brioche Loaf,$4.99 ,$5.99 ,"400 g, $1.25/100g",Bread,/p/21050280_EA
Bread Amazing Grain,$3.99 ,$3.99 ,"450 g, $0.89/100g",Bread,/p/21531849_EA
"Sprouted Power, Omegamazing Grain Bread, Filled with Flax and Chia Seeds",$5.29 ,$5.29 ,"600 g, $0.88/100g",Bread,/p/21529214_EA
Parmesan Crostino,$5.39 ,$5.39 ,"125 g, $4.31/100g",Bread,/p/20792805_EA
Klosterbrot Bread,$5.49 ,$5.49 ,"454 g, $1.21/100g",Bread,/p/20315361_EA
Soft White Loaf,$8.49 ,$8.49 ,"480 g, $1.77/100g",Bread,/p/21414753_EA
Multigrain Ciabatta Demi,$2.99 ,$2.99 ,"275 g, $1.09/100g",Bread,/p/20354849_EA
Organic Italian Loaf,$0.99 ,$0.99 ,"380 g, $0.26/100g",Bread,/p/21206477_EA
Aged Mini Cheddar Crisps,$5.39 ,$5.39 ,"150 g, $3.59/100g",Bread,/p/20281047_EA
Ciabatta Demi ,$3.79 ,$3.79 ,"450 g, $0.84/100g",Bread,/p/20833789_EA
"Pumpernickel Loaf, Sliced",$3.00 ,$3.00 ,"675 g, $0.44/100g",Bread,/p/21443717_EA
Deli World White Sandwich Bread,$4.00 ,$4.00 ,"900 g, $0.44/100g",Bread,/p/20032375_EA
Bread 100% Whole Grains Ancient Grains with Quinoa ,$4.69 ,$4.69 ,"600 g, $0.78/100g",Bread,/p/20006502_EA
Cheese Buns,$6.99 ,$6.99 ,"6x118.0 g, $0.98/100g",Bread,/p/20887552_EA
Cinnamon Raisin Bread Extra Thick,$5.49 ,$5.49 ,"675 g, $0.81/100g",Bread,/p/20104367_EA
Olive Oil & Sea Salt Mini Crisps ,$5.39 ,$5.39 ,"180 g, $2.99/100g",Bread,/p/20630868_EA
Garlic Toast,$3.99 ,$3.99 ,"638 g, $0.63/100g",Bread,/p/21361140_EA
Harvest Grain Baguette,$2.29 ,$2.29 ,"280 g, $0.82/100g",Bread,/p/20635920_EA
"Bread, Multigrain  with Cranberries, Sliced",$3.99 ,$3.99 ,"450 g, $0.89/100g",Bread,/p/20097326_EA
Brioche Hot Dog Rolls,$4.29 ,$4.29 ,"16x385.0 g, $1.11/100g",Bread,/p/21192729_EA
Organic 100% Whole Grain Bread,$5.29 ,$5.29 ,"709 g, $0.75/100g",Bread,/p/21169553_EA
White Bread,$3.99 ,$3.99 ,"570 g, $0.70/100g",Bread,/p/21285582_EA
Ciabatta Cluster,$3.69 ,$3.69 ,"400 g, $0.92/100g",Bread,/p/20965060_EA
Seeds and Grains Bread,$3.49 ,$3.49 ,"600 g, $0.58/100g",Bread,/p/21178638_EA
Brioche-Style Hamburger Buns,$3.49 ,$3.49 ,"560 g, $0.62/100g","Bagels, Buns & Rolls",/p/21450791_EA
Hot Dog Buns,$2.99 ,$2.99 ,"516 g, $0.58/100g","Bagels, Buns & Rolls",/p/21509829_EA
Hamburger Buns,$2.99 ,$2.99 ,"540 g, $0.55/100g","Bagels, Buns & Rolls",/p/21509645_EA
Brizzolio Hamburger Buns,$3.49 ,$3.49 ,"528 g, $0.66/100g","Bagels, Buns & Rolls",/p/20627103_EA
Bagel Everything,$1.99 ,$1.99 ,"480 g, $0.41/100g","Bagels, Buns & Rolls",/p/21217967_EA
Bagel Plain 6 Pack,$1.99 ,$1.99 ,"510 g, $0.39/100g","Bagels, Buns & Rolls",/p/21217970_EA
Brioche-Style Sausage Buns,$3.49 ,$3.49 ,"420 g, $0.83/100g","Bagels, Buns & Rolls",/p/21450788_EA
Crustini Hamburger Buns,$3.49 ,$3.49 ,"568 g, $0.61/100g","Bagels, Buns & Rolls",/p/20626949_EA
Sausage Buns Brizzolio Extra Soft,$3.49 ,$3.49 ,"420 g, $0.83/100g","Bagels, Buns & Rolls",/p/20673208_EA
Sausage Buns,$3.49 ,$3.49 ,"456 g, $0.77/100g","Bagels, Buns & Rolls",/p/20627101_EA
Traditional Naan Rounds,$4.49 ,$4.49 ,"480 g, $0.94/100g","Bagels, Buns & Rolls",/p/20757871_EA
"Bulk Buns, Assorted",$0.60 ,$0.60 ,"78 g, $0.77/100g","Bagels, Buns & Rolls",/p/20639314_EA
Hotdog Rolls,$3.49 ,$3.49 ,"624 g, $0.56/100g","Bagels, Buns & Rolls",/p/20520828_EA
Sesame Brioche Burger Buns,$4.29 ,$4.29 ,"200 g, $2.15/100g","Bagels, Buns & Rolls",/p/21207883_EA
Ballpark Classics Hamburger Buns Limited Edition ,$4.49 ,$4.49 ,"560 g, $0.80/100g","Bagels, Buns & Rolls",/p/21022316_EA
Bagel Cinnamon Raisin 6 Pack,$1.99 ,$1.99 ,"510 g, $0.39/100g","Bagels, Buns & Rolls",/p/21217965_EA
Everything Bagels,$3.49 ,$3.49 ,"450 g, $0.78/100g","Bagels, Buns & Rolls",/p/21178571_EA
Brioche Bun,$4.99 ,$5.29 ,"300 g, $1.66/100g","Bagels, Buns & Rolls",/p/21094319_EA
Regular Kaiser Buns,$5.00 ,$5.00 ,"900 g, $0.56/100g","Bagels, Buns & Rolls",/p/20001238_EA
Everything Bagels,$4.99 ,$4.99 ,"6x75.0 g, $1.11/100g","Bagels, Buns & Rolls",/p/20563221_EA
Submarine Buns 4 Pack,$4.29 ,$4.29 ,"464 g, $3.30/100g","Bagels, Buns & Rolls",/p/20641213_EA
White Dinner Rolls 12-count,$4.00 ,$4.00 ,"420 g, $0.95/100g","Bagels, Buns & Rolls",/p/21392649_EA
Plain Italian Buns,$5.00 ,$5.00 ,"1.2 kg, $0.42/100g","Bagels, Buns & Rolls",/p/20026936_EA
Hamburger Rolls,$3.49 ,$3.49 ,"672 g, $0.52/100g","Bagels, Buns & Rolls",/p/20520827_EA
"Bagel, Herb N' Cheese",$3.99 ,$3.99 ,"648 g, $3.69/100g","Bagels, Buns & Rolls",/p/21016650_EA
Mini Brioches,$4.89 ,$4.89 ,"480 g, $1.02/100g","Bagels, Buns & Rolls",/p/21343965_EA
Ciabatta Rolls ,$3.79 ,$3.79 ,"400 g, $0.95/100g","Bagels, Buns & Rolls",/p/20833310_EA
Multigrain Kaiser 6S,$4.29 ,$4.29 ,"400 g, $1.07/100g","Bagels, Buns & Rolls",/p/21007748_EA
Brioche Gourmet Hamburger Bun,$4.79 ,$4.79 ,"260 g, $1.84/100g","Bagels, Buns & Rolls",/p/21095769_EA
Butter Flakey Roll,$4.99 ,$4.99 ,"420 g, $1.19/100g","Bagels, Buns & Rolls",/p/20133626_EA
White Gourmet Sausage Bun,$4.79 ,$4.79 ,"340 g, $1.41/100g","Bagels, Buns & Rolls",/p/21025441_EA
Everything Baguette Bagel,$3.99 ,$3.99 ,"360 g, $1.11/100g","Bagels, Buns & Rolls",/p/21082301_EA
12 Grain Roll 12 Pack,$5.29 ,$5.29 ,"840 g, $0.63/100g","Bagels, Buns & Rolls",/p/21379259_EA
Original Bagels,$3.49 ,$3.49 ,"450 g, $0.78/100g","Bagels, Buns & Rolls",/p/21178535_EA
Blue Menu PC BM WW BAGELS 336G,$4.59 ,$4.59 ,"336 g, $1.37/100g","Bagels, Buns & Rolls",/p/21018516_EA
Cranberry & Oats Bagels,$3.49 ,$3.49 ,"450 g, $0.78/100g","Bagels, Buns & Rolls",/p/21429057_EA
Hamburger Buns Authentic Brioche,$7.99 ,$7.99 ,"260 g, $3.07/100g","Bagels, Buns & Rolls",/p/21465953_EA
Brioche Hotdog Deluxe Buns,$4.99 ,$4.99 ,"390 g, $1.28/100g","Bagels, Buns & Rolls",/p/21345472_EA
Multigrain Kaiser Rolls 12 Pack,$4.79 ,$4.79 ,"0.84 kg, $0.57/100g","Bagels, Buns & Rolls",/p/21204638_EA
"Bagels, Raisin Cinnamon",$3.49 ,$3.49 ,"450 g, $0.78/100g","Bagels, Buns & Rolls",/p/20914605_EA
"Bagel, Blueberry 6-pack",$3.99 ,$3.99 ,"648 g, $3.69/100g","Bagels, Buns & Rolls",/p/21016647_EA
Kaiser Rolls 12 Pack,$4.79 ,$4.79 ,"0.78 kg, $0.61/100g","Bagels, Buns & Rolls",/p/21204648_EA
Hot Dog Buns Whole Wheat 12-pack,$4.29 ,$4.29 ,"780 g, $0.55/100g","Bagels, Buns & Rolls",/p/21397359_EA
Original Bagels,$4.99 ,$4.99 ,"6x75.0 g, $1.11/100g","Bagels, Buns & Rolls",/p/20563427_EA
Parmesan Garlic & Herb Flavour Bagels,$4.99 ,$4.99 ,"375 g, $1.33/100g","Bagels, Buns & Rolls",/p/21362243_EA
Chinois Brioche With Vanilla Cream,$6.79 ,$6.79 ,"500 g, $1.36/100g","Bagels, Buns & Rolls",/p/21315229_EA
Savoury Butter Rolls,$4.49 ,$4.49 ,"340 g, $1.32/100g","Bagels, Buns & Rolls",/p/21489831_EA
"Bagels, Sesame",$3.99 ,$3.99 ,"108 g, $3.69/100g","Bagels, Buns & Rolls",/p/21018384_EA
Everything Bagels 6 Bagels,$4.59 ,$4.59 ,"336 g, $1.37/100g","Bagels, Buns & Rolls",/p/21018518_EA
"Bagels, Sesame Seed Package of 6",$3.99 ,$3.99 ,"600 g, $0.67/100g","Bagels, Buns & Rolls",/p/20097527_EA
Gluten Free Hot Dog Buns,$5.29 ,$5.29 ,"65 g, $2.03/100g","Bagels, Buns & Rolls",/p/21243291_EA
Brioche Deluxe Buns,$4.99 ,$4.99 ,"480 g, $1.04/100g","Bagels, Buns & Rolls",/p/21345473_EA
Hotdog Buns Ballpark Classics Limited Edition 6 ,$4.49 ,$4.49 ,"432 g, $1.04/100g","Bagels, Buns & Rolls",/p/21022027_EA
Rosemary Focaccia Triangle,$7.39 ,$7.39 ,"960 g, $0.77/100g","Bagels, Buns & Rolls",/p/20857584_EA
Traditional Naan Club Size ,$5.99 ,$5.99 ,"750 g, $0.80/100g","Bagels, Buns & Rolls",/p/21396046_EA
Brioche Bagel,$3.99 ,$3.99 ,"272 g, $1.47/100g","Bagels, Buns & Rolls",/p/21182269_EA
Organic Everything Bagel,$5.49 ,$5.49 ,"450 g, $1.22/100g","Bagels, Buns & Rolls",/p/21305535_EA
Brioche Mini Rolls,$4.99 ,$5.99 ,"400 g, $1.25/100g","Bagels, Buns & Rolls",/p/21410779_EA
Signature Four Cheese Bagels,$4.99 ,$4.99 ,"375 g, $1.33/100g","Bagels, Buns & Rolls",/p/21363560_EA
"Bagels, Sesame",$3.99 ,$3.99 ,"108 g, $3.69/100g","Bagels, Buns & Rolls",/p/21018384_EA
"Hot Dog Original Buns, 12 Pack",$4.29 ,$4.29 ,"570 g, $0.75/100g","Bagels, Buns & Rolls",/p/21435649_EA
Brioche Hot Dog Buns,$4.99 ,$5.29 ,"270 g, $1.85/100g","Bagels, Buns & Rolls",/p/21431172_EA
"Sub Buns, Oat & Honey",$4.29 ,$4.29 ,"410 g, $1.05/100g","Bagels, Buns & Rolls",/p/20139865_EA
Sourdough Bagels with Whole Grains ,$3.49 ,$3.49 ,"450 g, $0.78/100g","Bagels, Buns & Rolls",/p/21430992_EA
14 Grain Bagels,$3.49 ,$3.49 ,"450 g, $0.78/100g","Bagels, Buns & Rolls",/p/21178599_EA
Dinner Roll Whole Wheat,$2.99 ,$2.99 ,"420 g, $0.71/100g","Bagels, Buns & Rolls",/p/21431223_EA
Bocata Ronda Roll,$7.39 ,$7.39 ,"800 g, $0.92/100g","Bagels, Buns & Rolls",/p/20979260_EA
Thins Buns Multigrain,$4.49 ,$4.49 ,"8x60.0 g, $0.94/100g","Bagels, Buns & Rolls",/p/20332961_EA
King’s Hawaiian Sweet Rolls ,$4.49 ,$4.49 ,"0.34 kg, $1.32/100g","Bagels, Buns & Rolls",/p/21475970_EA
Gluten Free Hamburger Buns,$5.29 ,$5.29 ,"80 g, $1.65/100g","Bagels, Buns & Rolls",/p/21243173_EA
Sourdough Roll 12 Pack,$5.49 ,$5.49 ,"840 g, $0.65/100g","Bagels, Buns & Rolls",/p/21403896_EA
Burger Buns Gigantico,$4.69 ,$4.69 ,"8x71.0 g, $0.83/100g","Bagels, Buns & Rolls",/p/20371958_EA
Parmesan & Herb Sub Rolls,$4.29 ,$4.29 ,"410 g, $1.05/100g","Bagels, Buns & Rolls",/p/21012439_EA
White Whole Grain Thin Buns,$4.49 ,$4.49 ,"8x60.0 g, $0.94/100g","Bagels, Buns & Rolls",/p/20317755_EA
Cheddar Ciabatta Bun,$4.79 ,$4.79 ,"300 g, $1.60/100g","Bagels, Buns & Rolls",/p/20791217_EA
Toscana Extra Soft Hamburger Buns,$4.29 ,$4.29 ,"528 g, $0.81/100g","Bagels, Buns & Rolls",/p/21285577_EA
"Hamburger Rolls, Whole Wheat",$3.49 ,$3.49 ,"12x60.0 g, $0.48/100g","Bagels, Buns & Rolls",/p/20381037_EA
Sesame Gourmet Hamburger Buns,$4.79 ,$4.79 ,"260 g, $1.84/100g","Bagels, Buns & Rolls",/p/20963092_EA
Ciabatta Piccola,$7.39 ,$7.39 ,"800 g, $0.92/100g","Bagels, Buns & Rolls",/p/20857585_EA
"Bagels, Poppy Seed 6 Pack",$3.99 ,$3.99 ,"648 g, $3.69/100g","Bagels, Buns & Rolls",/p/21018383_EA
White Baguette Bagel,$3.99 ,$3.99 ,"300 g, $1.33/100g","Bagels, Buns & Rolls",/p/21020310_EA
"Bagels, Everything 6 Pack",$3.99 ,$3.99 ,"648 g, $3.69/100g","Bagels, Buns & Rolls",/p/21016649_EA
"Hamburger Original Buns, 12 Pack",$4.29 ,$4.29 ,"567 g, $0.76/100g","Bagels, Buns & Rolls",/p/21435661_EA
Classic Gourmet Hamburger Bun,$4.79 ,$4.79 ,"260 g, $1.84/100g","Bagels, Buns & Rolls",/p/20790627_EA
"Bagel, Plain, 6-pack",$3.99 ,$3.99 ,"6x108.0 g, $0.62/100g","Bagels, Buns & Rolls",/p/21018381_EA
Bagel Whole Wheat,$1.99 ,$1.99 ,"510 g, $0.39/100g","Bagels, Buns & Rolls",/p/21217968_EA
Dinner Roll,$2.99 ,$2.99 ,"420 g, $0.71/100g","Bagels, Buns & Rolls",/p/21431243_EA
Whole Wheat Naan Rounds Buns,$4.49 ,$4.49 ,"480 g, $0.94/100g","Bagels, Buns & Rolls",/p/20866020_EA
Ciabatta Pezzetti Duo,$7.39 ,$7.39 ,"840 g, $0.88/100g","Bagels, Buns & Rolls",/p/20840702_EA
"Thins White Buns, Whole Grain",$4.49 ,$4.49 ,"8x60.0 g, $0.94/100g","Bagels, Buns & Rolls",/p/20331027_EA
"Bagels Cinnamon Raisin, 6 Pack",$4.99 ,$4.99 ,"450 g, $1.11/100g","Bagels, Buns & Rolls",/p/21285578_EA
Italian Panini Rolls (Italian Buns) 12 Pack,$4.79 ,$4.79 ,"0.6 kg, $0.80/100g","Bagels, Buns & Rolls",/p/21204634_EA
"Bagels, Cinnamon Raisin 6 Pack",$3.99 ,$3.99 ,"648 g, $3.69/100g","Bagels, Buns & Rolls",/p/21016648_EA
"Dinner Rolls, Whole Wheat",$4.00 ,$4.00 ,"456 g, $0.88/100g","Bagels, Buns & Rolls",/p/21392192_EA
Gigantico Sausage Buns,$4.79 ,$4.79 ,"432 g, $1.11/100g","Bagels, Buns & Rolls",/p/21431180_EA
Jos Louis The Original Cakes,$3.99 ,$3.99 ,"324 g, $1.23/100g",Cakes & Desserts,/p/20963606_EA
Oatmeal & Chocolate Cookies,$5.50 ,$5.50 ,"456 g, $1.21/100g",Cakes & Desserts,/p/20566294_EA
Chocolate Chip Cookies,$5.50 ,$5.50 ,"456 g, $1.21/100g",Cakes & Desserts,/p/20566774_EA
Vanilla Flavour Cakes 1/2 Lune Moon ,$3.99 ,$3.99 ,"282 g, $1.41/100g",Cakes & Desserts,/p/21027889_EA
Oatmeal Raisin Cookies,$5.50 ,$5.50 ,"456 g, $1.21/100g",Cakes & Desserts,/p/20566295_EA
Lemon Poppyseed Iced Loaf Cake,$4.50 ,$4.50 ,"400 g, $1.13/100g",Cakes & Desserts,/p/21488954_EA
"Loaf Cake, Banana",$4.50 ,$4.50 ,"390 g, $1.15/100g",Cakes & Desserts,/p/20565382_EA
Twinkies Cakes,$3.79 ,$3.79 ,"202 g, $1.88/100g",Cakes & Desserts,/p/21283752_EA
Muffin Bars Banana Chocolate Chip,$2.99 ,$4.49 ,"296 g, $1.01/100g",Cakes & Desserts,/p/21417380_EA
Quinn's Swiss Roll Chocolate,$5.50 ,$5.50 ,"6x67.0 g, $1.37/100g",Cakes & Desserts,/p/21392547_EA
Chocolate Chip Cookies,$7.50 ,$7.50 ,"798 g, $0.94/100g",Cakes & Desserts,/p/20566369_EA
Flaky Pastries Apple-Raspberry,$3.99 ,$3.99 ,"305 g, $1.31/100g",Cakes & Desserts,/p/20976342_EA
"Banana Loaf Cake, Sliced",$4.50 ,$4.50 ,"376 g, $1.20/100g",Cakes & Desserts,/p/21542160_EA
Cinnamon Swirl Iced Loaf Cake,$4.50 ,$4.50 ,"400 g, $1.13/100g",Cakes & Desserts,/p/21489018_EA
Oatmeal Chocolate Chip Cookies,$7.50 ,$7.50 ,"798 g, $0.94/100g",Cakes & Desserts,/p/20565934_EA
Muffin Bars Birthday Cake,$2.99 ,$4.49 ,"296 g, $1.01/100g",Cakes & Desserts,/p/21363224_EA
Cupcakes Chocolate Cakes,$3.79 ,$3.79 ,"206 g, $1.84/100g",Cakes & Desserts,/p/21283746_EA
"Loaf Cake, Cinnamon Swirl",$4.50 ,$4.50 ,"390 g, $1.15/100g",Cakes & Desserts,/p/20610846_EA
"Sliced Loaf Cake, Marble",$4.50 ,$4.50 ,"344 g, $1.31/100g",Cakes & Desserts,/p/21542157_EA
Apple Pie 10 Inch,$7.50 ,$7.50 ,"1 kg, $0.75/100g",Cakes & Desserts,/p/21297367_EA
Real Chocolate Brownie Bites,$4.50 ,$4.50 ,"290 g, $1.55/100g",Cakes & Desserts,/p/21423332_EA
Brownies,$4.00 ,$4.00 ,"265 g, $1.51/100g",Cakes & Desserts,/p/21450055_EA
Fudge Square,$5.50 ,$5.50 ,"400 g, $1.38/100g",Cakes & Desserts,/p/21216499_EA
Pecan Butter Tarts,$5.00 ,$5.00 ,"6x85.0 g, $0.98/100g",Cakes & Desserts,/p/20308897_EA
Nanaimo Square,$5.50 ,$5.50 ,"400 g, $1.38/100g",Cakes & Desserts,/p/21216501_EA
Pumpkin Pie 10 Inch,$7.50 ,$7.50 ,"900 g, $0.83/100g",Cakes & Desserts,/p/21297365_EA
"Loaf Cake, Marble",$4.50 ,$4.50 ,"390 g, $1.15/100g",Cakes & Desserts,/p/20611096_EA
Butter Tarts,$7.00 ,$7.00 ,"765 g, $0.92/100g",Cakes & Desserts,/p/21364696_EA
Oatmeal Raisin Cookies,$7.50 ,$7.50 ,"798 g, $0.94/100g",Cakes & Desserts,/p/20566120_EA
Quinn's Vanilla Raspberry Cream,$5.50 ,$5.50 ,"6x67.0 g, $1.37/100g",Cakes & Desserts,/p/21392536_EA
Tuxedo Cake,$12.50 ,$12.50 ,"753 g, $1.66/100g",Cakes & Desserts,/p/21500612_EA
Date Square,$5.50 ,$5.50 ,"450 g, $1.22/100g",Cakes & Desserts,/p/21216516_EA
Mini Angel Food Cakes,$5.00 ,$5.00 ,"270 g, $1.85/100g",Cakes & Desserts,/p/21313112_EA
Butter Tarts Plain,$6.00 ,$6.00 ,"765 g, $0.78/100g",Cakes & Desserts,/p/21493396_EA
Little Bites Blueberry Muffins,$4.99 ,$4.99 ,"234 g, $2.13/100g",Cakes & Desserts,/p/21121908_EA
Family Pack Almond Cake Rusk,$5.99 ,$5.99 ,"750 g, $0.80/100g",Cakes & Desserts,/p/21283989_EA
Cake Chocolate Fudge,$6.00 ,$6.00 ,"475 g, $1.26/100g",Cakes & Desserts,/p/21487930_EA
Cake Rusk,$5.59 ,$5.59 ,"650 g, $0.86/100g",Cakes & Desserts,/p/20418926_EA
Apple Crumble Pie,$7.50 ,$7.50 ,"1 kg, $0.75/100g",Cakes & Desserts,/p/20318969_EA
Cake Chocolate,$18.00 ,$18.00 ,"1.5 kg, $1.20/100g",Cakes & Desserts,/p/21193724_EA
Vegetarian Cookies,$4.99 ,$4.99 ,"800 g, $0.62/100g",Cakes & Desserts,/p/21283984_EA
Cinnamon Coffee Cake,$6.00 ,$6.00 ,"500 g, $1.20/100g",Cakes & Desserts,/p/21314868_EA
"Cup Cakes White, 6-Pack",$5.00 ,$5.00 ,"300 g, $1.67/100g",Cakes & Desserts,/p/20592911_EA
Chocolate Cake,$11.50 ,$11.50 ,"850 g, $1.35/100g",Cakes & Desserts,/p/21392544_EA
Oatmeal Raisin Cookies,$6.99 ,$6.99 ,"350 g, $2.00/100g",Cakes & Desserts,/p/21516741_EA
Punjabi Cookies,$6.19 ,$6.19 ,"1.1 kg, $0.56/100g",Cakes & Desserts,/p/20180817_EA
"Cookies & Cream Cake 6""",$6.00 ,$6.00 ,"400 g, $1.50/100g",Cakes & Desserts,/p/21003336_EA
Vanilla Bark Cake,$19.00 ,$19.00 ,"690 g, $2.75/100g",Cakes & Desserts,/p/21193712_EA
Swiss Rolls Pumpkin Spice,$5.50 ,$5.50 ,"402 g, $1.37/100g",Cakes & Desserts,/p/21472349_EA
Bursting Blueberry,$2.99 ,$4.29 ,"280 g, $1.07/100g",Cakes & Desserts,/p/21529216_EA
Carrot Cake With Cream Cheese Frosting,$6.00 ,$6.00 ,"475 g, $1.26/100g",Cakes & Desserts,/p/21487962_EA
Triple Chocolate Cake,$19.00 ,$19.00 ,"710 g, $2.68/100g",Cakes & Desserts,/p/21193707_EA
Specialty Bun Taro,$1.27 ,$1.27 ,"100 g, $1.27/100g",Cakes & Desserts,/p/21298013_EA
"Strawberry & Cream Cake 8""",$16.00 ,$16.00 ,"760 g, $2.11/100g",Cakes & Desserts,/p/21469915_EA
"Donuts, Assorted 6-pack",$7.00 ,$7.00 ,"700 g, $1.00/100g",Cakes & Desserts,/p/21244805_EA
Namak Para,$4.49 ,$4.49 ,"360 g, $1.25/100g",Cakes & Desserts,/p/21443491_EA
Strawberry Shortcake,$12.50 ,$12.50 ,"755 g, $1.66/100g",Cakes & Desserts,/p/21500763_EA
Cake Vanilla,$18.00 ,$18.00 ,"1.5 kg, $1.20/100g",Cakes & Desserts,/p/21193721_EA
Cashew Short Bread Cookie,$3.99 ,$3.99 ,"0.3 kg, $1.14/100g",Cakes & Desserts,/p/20820681_EA
"Marble Loaf Cakes, Club Pack",$8.00 ,$8.00 ,"1170 g, $0.68/100g",Cakes & Desserts,/p/20974175_EA
"Cookies & Cream Cake 6""",$6.00 ,$6.00 ,"400 g, $1.50/100g",Cakes & Desserts,/p/21003336_EA
Vanilla Bark Cake,$19.00 ,$19.00 ,"690 g, $2.75/100g",Cakes & Desserts,/p/21193712_EA
Pistachio Short Bread Cookie,$3.99 ,$3.99 ,"0.35 kg, $1.14/100g",Cakes & Desserts,/p/20820641_EA
Red Velvet Cake with Cream Cheese Frosting,$6.00 ,$6.00 ,"475 g, $1.26/100g",Cakes & Desserts,/p/21000008_EA
Cherry Pie 10 Inch,$7.50 ,$7.50 ,"1 kg, $0.75/100g",Cakes & Desserts,/p/21297334_EA
Vegetarian Cookies,$5.19 ,$5.19 ,"800 g, $0.65/100g",Cakes & Desserts,/p/20012495_EA
"Coffee Cake, Lemon Curd",$6.00 ,$6.00 ,"500 g, $1.20/100g",Cakes & Desserts,/p/21313176_EA
Almond Pound Cake    ,$3.99 ,$3.99 ,"368 g, $1.08/100g",Cakes & Desserts,/p/20814268_EA
"Black Forest Cake 6""",$6.00 ,$6.00 ,"400 g, $1.50/100g",Cakes & Desserts,/p/20970811_EA
Spicy Para,$3.99 ,$3.99 ,"360 g, $1.11/100g",Cakes & Desserts,/p/21482376_EA
"Carrot Cake 6""",$6.00 ,$6.00 ,"475 g, $1.26/100g",Cakes & Desserts,/p/21002214_EA
Little Bites™ Party Cake Muffins,$4.99 ,$4.99 ,"234 g, $2.13/100g",Cakes & Desserts,/p/21403214_EA
Cake Chocolate Fudge ,$5.00 ,$5.00 ,"475 g, $1.05/100g",Cakes & Desserts,/p/21397652_EA
Pumpkin Squares,$5.50 ,$5.50 ,"400 g, $1.38/100g",Cakes & Desserts,/p/21045706_EA
Chocolate Ganache Coffee Cake,$6.00 ,$6.00 ,"500 g, $1.20/100g",Cakes & Desserts,/p/21313174_EA
Coconut Short Bread Cookie,$3.99 ,$3.99 ,"0.35 kg, $1.14/100g",Cakes & Desserts,/p/20820643_EA
Marble Coffee Cake,$6.00 ,$6.00 ,"500 g, $1.20/100g",Cakes & Desserts,/p/21313177_EA
Moon Cake With White Lotus Paste,$12.98 ,$12.98 ,"640 g, $2.03/100g",Cakes & Desserts,/p/21465372_EA
Specialty Bun Almond,$1.27 ,$1.27 ,"100 g, $1.27/100g",Cakes & Desserts,/p/21297550_EA
Little Bites Chocolate Chip Muffins,$4.99 ,$4.99 ,"234 g, $2.13/100g",Cakes & Desserts,/p/21121909_EA
Oatmeal Cookies,$7.50 ,$7.50 ,"798 g, $0.94/100g",Cakes & Desserts,/p/20717886_EA
Cake Black Forest,$18.00 ,$18.00 ,"1.2 kg, $1.50/100g",Cakes & Desserts,/p/21193745_EA
Almond Cookies,$5.88 ,$6.50 ,"580 g, $1.01/100g",Cakes & Desserts,/p/20141645_EA
Mango Tropical Cake,$1.29 ,$1.29 ,"180 g, $0.72/100g",Cakes & Desserts,/p/20826537_EA
"Chocolate Fudge Cake 6""",$6.00 ,$6.00 ,"475 g, $1.26/100g",Cakes & Desserts,/p/20970813_EA
Angel Food Cake,$5.00 ,$5.00 ,"283 g, $1.77/100g",Cakes & Desserts,/p/21313115_EA
Lemon Tropical Cake,$1.29 ,$1.29 ,"180 g, $0.72/100g",Cakes & Desserts,/p/20826539_EA
Coconut Pound Cake    ,$3.99 ,$3.99 ,"0.368 kg, $1.08/100g",Cakes & Desserts,/p/20814078_EA
Namak Para,$3.99 ,$3.99 ,"360 g, $1.11/100g",Cakes & Desserts,/p/21481512_EA
Butter Tarts Raisin,$6.00 ,$6.00 ,"765 g, $0.78/100g",Cakes & Desserts,/p/21493634_EA
"Punjabi Biscuits, Vegetarian",$6.19 ,$6.19 ,"1.1 kg, $0.56/100g",Cakes & Desserts,/p/21052448_EA
Pecan Pie 9 Inch,$7.50 ,$7.50 ,"580 g, $1.29/100g",Cakes & Desserts,/p/21297359_EA
Black Forest Cake,$6.00 ,$6.00 ,"400 g, $1.50/100g",Cakes & Desserts,/p/21487946_EA
Ah Louis™ Caramel/Red Velvet Cakes,$3.99 ,$3.99 ,"336 g, $1.19/100g",Cakes & Desserts,/p/21490910_EA
Chinese Long Donut,$4.88 ,$4.88 ,"640 g, $0.76/100g",Cakes & Desserts,/p/20923195_EA
Apple Pie,$4.50 ,$4.50 ,"550 g, $0.82/100g",Cakes & Desserts,/p/21339519_EA
Moon Cake With White Lotus Paste & Double Yolks,$14.98 ,$14.98 ,"640 g, $2.34/100g",Cakes & Desserts,/p/21465403_EA
Strawberry Tropical Cake,$1.29 ,$1.29 ,"180 g, $0.72/100g",Cakes & Desserts,/p/20826092_EA
Blueberry Pie 8 Inch,$4.50 ,$4.50 ,"550 g, $0.82/100g",Cakes & Desserts,/p/21339520_EA
Dutchie Donuts 6 pack ,$7.00 ,$7.00 ,"750 g, $0.93/100g",Cakes & Desserts,/p/21217386_EA
Blueberry Pie 10 Inch,$7.50 ,$7.50 ,"1 kg, $0.75/100g",Cakes & Desserts,/p/21297362_EA
Home Style Pandesal,$3.88 ,$5.00 ,"680 g, $0.57/100g",Cakes & Desserts,/p/21014108_EA
Cake Rusk,$5.99 ,$5.99 ,"650 g, $0.92/100g",Cakes & Desserts,/p/21283988_EA
Apple Fritter Donut 6 pack,$7.00 ,$7.00 ,"870 g, $0.80/100g",Cakes & Desserts,/p/21217389_EA
"8"" Lemon Berries Cake",$16.00 ,$16.00 ,"760 g, $2.11/100g",Cakes & Desserts,/p/21466590_EA
Tiramisu Cake,$12.50 ,$12.50 ,"675 g, $1.85/100g",Cakes & Desserts,/p/21500693_EA
8-inch Caramel Apple Cheesecake,$16.00 ,$16.00 ,"950 g, $1.68/100g",Cakes & Desserts,/p/21474738_EA
Punjabi Cookies,$7.99 ,$7.99 ,"1.13 kg, $0.71/100g",Cakes & Desserts,/p/21284062_EA
Assorted Cupcakes,$7.50 ,$7.50 ,"568 g, $1.32/100g",Cakes & Desserts,/p/21298143_EA
Specialty Bun Custard,$1.27 ,$1.27 ,"100 g, $1.27/100g",Cakes & Desserts,/p/21297545_EA
Specialty Bun Raisin Twist,$1.27 ,$1.27 ,"100 g, $1.27/100g",Cakes & Desserts,/p/21297565_EA
"7"" Raspberry Lemon Cake",$16.00 ,$16.00 ,"950 g, $1.68/100g",Cakes & Desserts,/p/20249853_EA
Double Chocolate Cake,$12.50 ,$12.50 ,"770 g, $1.62/100g",Cakes & Desserts,/p/21498296_EA
Frosted Harvest Orange & Yellow,$3.50 ,$3.50 ,"383 g, $0.92/100g",Cakes & Desserts,/p/21194079_EA
Brownies,$4.49 ,$4.49 ,"228 g, $1.97/100g",Cakes & Desserts,/p/21516721_EA
Vanilla Cake,$11.50 ,$11.50 ,"850 g, $1.35/100g",Cakes & Desserts,/p/21392529_EA
"8"" Black Forest Cake",$16.00 ,$16.00 ,"950 g, $1.68/100g",Cakes & Desserts,/p/20286416_EA
Triple Layer Premium Cake,$16.00 ,$16.00 ,"950 g, $1.68/100g",Cakes & Desserts,/p/21464974_EA
Specialty Bun Bolo,$1.27 ,$1.27 ,"100 g, $1.27/100g",Cakes & Desserts,/p/21297557_EA
Specialty Bun Coconut,$1.27 ,$1.27 ,"100 g, $1.27/100g",Cakes & Desserts,/p/21297542_EA
Blueberry Tropical Cake,$1.29 ,$1.29 ,"180 g, $0.72/100g",Cakes & Desserts,/p/20826538_EA
"Om Pumpkin Pie 8""",$4.50 ,$4.50 ,"450 g, $1.00/100g",Cakes & Desserts,/p/21339518_EA
Rhubarb Strawberry Pie 10 Inch,$7.50 ,$7.50 ,"1 kg, $0.75/100g",Cakes & Desserts,/p/21297366_EA
"7"" Caramel Chocolate Cake",$16.00 ,$16.00 ,"950 g, $1.68/100g",Cakes & Desserts,/p/20249625_EA
"Eggless Chocolate Raspberry Cake, 7 in",$16.00 ,$16.00 ,"950 g, $1.68/100g",Cakes & Desserts,/p/21045857_EA
"Loaf Cake, Golden",$4.50 ,$4.50 ,"390 g, $1.15/100g",Cakes & Desserts,/p/20611092_EA
Banana Loaf Cake,$6.99 ,$6.99 ,"454 g, $1.54/100g",Cakes & Desserts,/p/21516739_EA
"8"" Lemon Meringue Pie",$6.00 ,$6.00 ,"635 g, $0.94/100g",Cakes & Desserts,/p/21353343_EA
Fruit Pound Cake    ,$3.99 ,$3.99 ,"0.368 kg, $1.08/100g",Cakes & Desserts,/p/20814079_EA
Hello Dolly 7 Layer Square,$5.50 ,$5.50 ,"450 g, $1.22/100g",Cakes & Desserts,/p/21216520_EA
Lemon Loaf Cake,$6.99 ,$6.99 ,"454 g, $1.54/100g",Cakes & Desserts,/p/21517615_EA
Chocolate Chip Cookies,$6.99 ,$6.99 ,"350 g, $2.00/100g",Cakes & Desserts,/p/21516725_EA
Waffles,$6.00 ,$6.00 ,"420 g, $1.43/100g",Cakes & Desserts,/p/21396165_EA
Almond Honey Cookie,$3.99 ,$3.99 ,"0.35 kg, $1.14/100g",Cakes & Desserts,/p/20820419_EA
Gluten Free Strawberry Cake ,$11.50 ,$11.50 ,"553 g, $2.08/100g",Cakes & Desserts,/p/20794367_EA
Peanut Butter Cookies,$7.50 ,$7.50 ,"798 g, $0.94/100g",Cakes & Desserts,/p/20752916_EA
Cake Cookies & Cream,$6.00 ,$6.00 ,"400 g, $1.50/100g",Cakes & Desserts,/p/21487844_EA
"Chocolate Cupcakes, package of 6",$5.00 ,$5.00 ,"300 g, $1.67/100g",Cakes & Desserts,/p/20592887_EA
Banana Chocolate Chip Coffee Cake,$6.00 ,$6.00 ,"500 g, $1.20/100g",Cakes & Desserts,/p/21313165_EA
Lemon Squares,$5.50 ,$5.50 ,"400 g, $1.38/100g",Cakes & Desserts,/p/21216523_EA
Cookies and Creme Cake,$11.50 ,$11.50 ,"825 g, $1.39/100g",Cakes & Desserts,/p/21392554_EA
Skor Chocolate Chip Cookies,$7.50 ,$7.50 ,"750 g, $0.95/100g",Cakes & Desserts,/p/21025655_EA
Cake Carrot,$18.00 ,$18.00 ,"1.4 kg, $1.29/100g",Cakes & Desserts,/p/21242905_EA
Specialty Bun Red Bean,$1.27 ,$1.27 ,"100 g, $1.27/100g",Cakes & Desserts,/p/21297563_EA
Pound Cake     ,$3.99 ,$3.99 ,"0.368 kg, $1.08/100g",Cakes & Desserts,/p/20814080_EA
Red Velvet Cake 7 in,$16.00 ,$16.00 ,"950 g, $1.68/100g",Cakes & Desserts,/p/21045855_EA
Cake Rusk,$5.79 ,$5.79 ,"800 g, $0.72/100g",Cakes & Desserts,/p/21481514_EA
Cake Cookies And Crème,$18.00 ,$18.00 ,"1.2 kg, $1.50/100g",Cakes & Desserts,/p/21193683_EA
Namak Para Snacks,$3.79 ,$3.79 ,"360 g, $1.05/100g",Cakes & Desserts,20305966002_EA
M&M Rainbow Cookies,$7.50 ,$7.50 ,"790 g, $0.95/100g",Cakes & Desserts,/p/21025635_EA
Carrot Cake,$11.50 ,$11.50 ,"875 g, $1.31/100g",Cakes & Desserts,/p/21392550_EA
Big Bite Brownies,$6.99 ,$6.99 ,"600 g, $1.17/100g",Cakes & Desserts,/p/21515182_EA
Butter Croissant,$5.50 ,$5.50 ,"270 g, $2.04/100g",Breakfast,/p/20975943_EA
Banana Chocolate Chunk Muffins,$6.00 ,$6.00 ,"600 g, $1.00/100g",Breakfast,/p/21283357_EA
Chocolate Chip Muffins,$6.00 ,$6.00 ,"600 g, $1.00/100g",Breakfast,/p/21283358_EA
Blueberry Muffins,$6.00 ,$6.00 ,"570 g, $1.05/100g",Breakfast,/p/21283356_EA
Croissant Plain 12 Pack,$5.00 ,$5.00 ,"744 g, $0.67/100g",Breakfast,/p/21291174_EA
Chocolate Chip Mini Muffins,$4.47 ,$4.47 ,"336 g, $1.33/100g",Breakfast,/p/21488839_EA
Bagel Everything,$1.99 ,$1.99 ,"480 g, $0.41/100g",Breakfast,/p/21217967_EA
Bagel Plain 6 Pack,$1.99 ,$1.99 ,"510 g, $0.39/100g",Breakfast,/p/21217970_EA
Carrot Muffins,$6.00 ,$6.00 ,"600 g, $1.00/100g",Breakfast,/p/21283360_EA
Raisin Bran Muffins,$6.00 ,$6.00 ,"600 g, $1.00/100g",Breakfast,/p/21283359_EA
Banana Chocolate Chip Mini Muffins,$4.47 ,$4.47 ,"336 g, $1.33/100g",Breakfast,/p/21488853_EA
Butter Croissants Mini,$5.50 ,$5.50 ,"336 g, $1.64/100g",Breakfast,/p/21032805_EA
Muffins Double Chocolate    ,$6.00 ,$6.00 ,"570 g, $1.05/100g",Breakfast,/p/21283361_EA
Carrot Mini Muffins,$4.47 ,$4.47 ,"336 g, $1.33/100g",Breakfast,/p/21488913_EA
Blueberry Mini Muffins,$4.47 ,$4.47 ,"336 g, $1.33/100g",Breakfast,/p/21488821_EA
Sandwich Croissant,$5.50 ,$5.50 ,"260 g, $2.12/100g",Breakfast,/p/21201758_EA
Lemon Cranberry Muffins,$6.00 ,$6.00 ,"600 g, $1.00/100g",Breakfast,/p/21283354_EA
Muffins Variety Pack,$6.00 ,$6.00 ,"590 g, $1.02/100g",Breakfast,/p/21283362_EA
Bagel Cinnamon Raisin 6 Pack,$1.99 ,$1.99 ,"510 g, $0.39/100g",Breakfast,/p/21217965_EA
Everything Bagels,$3.49 ,$3.49 ,"450 g, $0.78/100g",Breakfast,/p/21178571_EA
Plain Croissants 6 Pack,$3.00 ,$3.00 ,"372 g, $0.81/100g",Breakfast,/p/21291173_EA
Crumpets,$2.79 ,$2.79 ,"284 g, $0.98/100g",Breakfast,/p/20123948_EA
Original English Muffins,$1.99 ,$1.99 ,"390 g, $0.51/100g",Breakfast,/p/21313119_EA
Extra Crisp English Muffins,$1.99 ,$1.99 ,"390 g, $0.51/100g",Breakfast,/p/21313152_EA
Morning Glory Muffins,$6.00 ,$6.00 ,"600 g, $1.00/100g",Breakfast,/p/21283353_EA
Everything Bagels,$4.99 ,$4.99 ,"6x75.0 g, $1.11/100g",Breakfast,/p/20563221_EA
Berry Medley Muffins,$6.00 ,$6.00 ,"570 g, $1.05/100g",Breakfast,/p/21283355_EA
"Bagel, Herb N' Cheese",$3.99 ,$3.99 ,"648 g, $3.69/100g",Breakfast,/p/21016650_EA
Chocolate Croissants ,$6.00 ,$6.00 ,"423 g, $1.42/100g",Breakfast,/p/21416726_EA
"Chocolate Croissant, 4-pack",$4.00 ,$4.00 ,"4x75.0 g, $1.33/100g",Breakfast,/p/21527027_EA
Sourdough English Muffins ,$1.99 ,$1.99 ,"390 g, $0.51/100g",Breakfast,/p/21313143_EA
Original English Muffins,$2.99 ,$2.99 ,"342 g, $0.87/100g",Breakfast,/p/20810796_EA
Everything Baguette Bagel,$3.99 ,$3.99 ,"360 g, $1.11/100g",Breakfast,/p/21082301_EA
Danish Twists,$6.49 ,$6.49 ,"636 g, $1.02/100g",Breakfast,/p/21209999_EA
Original Bagels,$3.49 ,$3.49 ,"450 g, $0.78/100g",Breakfast,/p/21178535_EA
"Bagel, Blueberry 6-pack",$3.99 ,$3.99 ,"648 g, $3.69/100g",Breakfast,/p/21016647_EA
Extra Crisp English Muffins,$5.49 ,$5.49 ,"780 g, $0.70/100g",Breakfast,/p/21313156_EA
"Bagels, Raisin Cinnamon",$3.49 ,$3.49 ,"450 g, $0.78/100g",Breakfast,/p/20914605_EA
Multigrain English Muffins,$2.99 ,$2.99 ,"342 g, $0.87/100g",Breakfast,/p/20810879_EA
Blue Menu PC BM WW BAGELS 336G,$4.59 ,$4.59 ,"336 g, $1.37/100g",Breakfast,/p/21018516_EA
Cranberry & Oats Bagels,$3.49 ,$3.49 ,"450 g, $0.78/100g",Breakfast,/p/21429057_EA
Parmesan Garlic & Herb Flavour Bagels,$4.99 ,$4.99 ,"375 g, $1.33/100g",Breakfast,/p/21362243_EA
10 Pack Mini Cheese Croissant,$5.00 ,$5.00 ,"350 g, $1.43/100g",Breakfast,/p/21333653_EA
Original Bagels,$4.99 ,$4.99 ,"6x75.0 g, $1.11/100g",Breakfast,/p/20563427_EA
Sesame Baguette Bagel,$3.99 ,$3.99 ,"300 g, $1.33/100g",Breakfast,/p/21020535_EA
Everything Bagels 6 Bagels,$4.59 ,$4.59 ,"336 g, $1.37/100g",Breakfast,/p/21018518_EA
"Bagels, Sesame Seed Package of 6",$3.99 ,$3.99 ,"600 g, $0.67/100g",Breakfast,/p/20097527_EA
Everything Butter Croissants,$5.50 ,$5.50 ,"270 g, $2.04/100g",Breakfast,/p/21483079_EA
Two Bite Cinnamon Rolls,$7.00 ,$7.00 ,"595 g, $1.18/100g",Breakfast,/p/21337279_EA
Everything Bagels 6 Bagels,$4.59 ,$4.59 ,"336 g, $1.37/100g",Breakfast,/p/21018518_EA
"Croissants, Bulk",$0.99 ,$0.99 ,"64 g, $1.55/100g",Breakfast,/p/20103149_EA
Signature Four Cheese Bagels,$4.99 ,$4.99 ,"375 g, $1.33/100g",Breakfast,/p/21363560_EA
Blueberry Muffins,$6.99 ,$6.99 ,"372 g, $1.88/100g",Breakfast,/p/21517500_EA
Everything Butter Croissants,$5.50 ,$5.50 ,"270 g, $2.04/100g",Breakfast,/p/21483079_EA
Brioche Bagel,$3.99 ,$3.99 ,"272 g, $1.47/100g",Breakfast,/p/21182269_EA
Organic Everything Bagel,$5.49 ,$5.49 ,"450 g, $1.22/100g",Breakfast,/p/21305535_EA
"Bagels, Sesame Seed Package of 6",$3.99 ,$3.99 ,"600 g, $0.67/100g",Breakfast,/p/20097527_EA
Triple Chocolate Muffins,$1.94 ,$1.94 ,"397 g, $0.49/100g",Breakfast,/p/21518373_EA
"Mini Danish, Assorted - 8 pack",$5.50 ,$5.50 ,"412 g, $1.33/100g",Breakfast,/p/21476309_EA
"Butter Tart Muffin, 6 Pack",$6.00 ,$6.00 ,"600 g, $1.00/100g",Breakfast,/p/21242898_EA
Croissant Plain Mini 20 Pack,$5.00 ,$5.00 ,"600 g, $0.83/100g",Breakfast,/p/21291168_EA
Sourdough Bagels with Whole Grains ,$3.49 ,$3.49 ,"450 g, $0.78/100g",Breakfast,/p/21430992_EA
14 Grain Bagels,$3.49 ,$3.49 ,"450 g, $0.78/100g",Breakfast,/p/21178599_EA
"Chocolatine Mini Croissants In Clamshell, Pack of 10",$4.50 ,$4.50 ,"360 g, $1.25/100g",Breakfast,/p/21291159_EA
Whole Wheat English Muffins,$1.99 ,$1.99 ,"450 g, $0.44/100g",Breakfast,/p/21313145_EA
Raisin Cinnamon English Muffins,$2.99 ,$2.99 ,"342 g, $0.87/100g",Breakfast,/p/20810899_EA
Muffins Banana Chocolate Chunk,$1.94 ,$1.94 ,"397 g, $0.49/100g",Breakfast,/p/21518325_EA
Banana Chocolate Chip Muffins,$7.49 ,$7.49 ,"372 g, $2.01/100g",Breakfast,/p/21517481_EA
Raisin English Muffins,$1.99 ,$1.99 ,"450 g, $0.44/100g",Breakfast,/p/21313126_EA
Croissant Plain Mini 10 Pack,$4.50 ,$4.50 ,"300 g, $1.50/100g",Breakfast,/p/21291170_EA
Mini Cheese Croissant 20 Pack,$5.00 ,$5.00 ,"700 g, $0.71/100g",Breakfast,/p/21335842_EA
"Bagels, Poppy Seed 6 Pack",$3.99 ,$3.99 ,"648 g, $3.69/100g",Breakfast,/p/21018383_EA
White Baguette Bagel,$3.99 ,$3.99 ,"300 g, $1.33/100g",Breakfast,/p/21020310_EA
"Bagels, Everything 6 Pack",$3.99 ,$3.99 ,"648 g, $3.69/100g",Breakfast,/p/21016649_EA
Muffins Blueberry Streusel,$1.94 ,$1.94 ,"397 g, $0.49/100g",Breakfast,/p/21518323_EA
"Bagel, Plain, 6-pack",$3.99 ,$3.99 ,"6x108.0 g, $0.62/100g",Breakfast,/p/21018381_EA
Gourmet Cinnamon Rolls With Cream Cheese Frosting,$8.50 ,$8.50 ,"840 g, $1.01/100g",Breakfast,/p/21446869_EA
Pumpkin Muffins,$6.00 ,$6.00 ,"600 g, $1.00/100g",Breakfast,/p/21283350_EA
Cannoli Kit,$10.49 ,$10.49 ,"300 g, $3.50/100g",Breakfast,/p/21482345_EA
"Bagels Cinnamon Raisin, 6 Pack",$4.99 ,$4.99 ,"450 g, $1.11/100g",Breakfast,/p/21285578_EA
"Bagels, Cinnamon Raisin 6 Pack",$3.99 ,$3.99 ,"648 g, $3.69/100g",Breakfast,/p/21016648_EA
Bagel Whole Wheat,$1.99 ,$1.99 ,"510 g, $0.39/100g",Breakfast,/p/21217968_EA
Whole Wheat English Muffins,$2.99 ,$2.99 ,"342 g, $0.87/100g",Breakfast,/p/21016273_EA
Croissant Cheese Mini 10 Pack,$4.50 ,$4.50 ,"280 g, $1.61/100g",Breakfast,/p/21291165_EA
Large Original Tortillas,$3.29 ,$3.29 ,"640 g, $0.51/100g","Wraps, Pitas & Flatbread",/p/20318788_EA
Tortillas Original ,$4.29 ,$4.29 ,"650 g, $0.66/100g","Wraps, Pitas & Flatbread",/p/20182857_EA
Large Whole Wheat Tortillas,$3.29 ,$3.29 ,"640 g, $0.51/100g","Wraps, Pitas & Flatbread",/p/20276307_EA
"10 Medium Tortillas, Original",$3.29 ,$3.29 ,"340 g, $0.97/100g","Wraps, Pitas & Flatbread",/p/20179156_EA
Naan Original 5 Flatbreads,$3.29 ,$3.29 ,"500 g, $0.66/100g","Wraps, Pitas & Flatbread",/p/21051353_EA
"Naan Original Flatbreads, 10 pack",$5.00 ,$5.00 ,"1 ea, $5.00/1ea","Wraps, Pitas & Flatbread",/p/20342261_EA
Naan Garlic 5 Flatbreads,$3.29 ,$3.29 ,"500 g, $0.66/100g","Wraps, Pitas & Flatbread",/p/21050380_EA
Naan Garlic Flatbreads,$5.00 ,$5.00 ,"1 kg, $0.50/100g","Wraps, Pitas & Flatbread",/p/20343319_EA
"10 Medium Tortillas, Whole Wheat",$3.29 ,$3.29 ,"340 g, $0.97/100g","Wraps, Pitas & Flatbread",/p/20322956_EA
Traditional Naan Dippers Flatbreads Club Pack,$6.99 ,$6.99 ,"400 g, $1.75/100g","Wraps, Pitas & Flatbread",/p/20999700_EA
Protein Tortillas,$4.49 ,$4.49 ,"342 g, $1.31/100g","Wraps, Pitas & Flatbread",/p/21447518_EA
100% Whole Grain Tortillas,$4.29 ,$4.29 ,"6x65.0 g, $1.10/100g","Wraps, Pitas & Flatbread",/p/20185659_EA
Large White Wraps,$4.79 ,$4.79 ,"640 g, $0.75/100g","Wraps, Pitas & Flatbread",/p/20981737_EA
Corn Tortillas,$3.49 ,$3.49 ,"200 g, $1.75/100g","Wraps, Pitas & Flatbread",/p/21364779_EA
Mini Naan Traditional 4 Flatbreads,$3.49 ,$3.49 ,"180 g, $1.94/100g","Wraps, Pitas & Flatbread",/p/21076234_EA
Corn Tortillas,$2.79 ,$2.79 ,"240 g, $1.16/100g","Wraps, Pitas & Flatbread",/p/20870557_EA
Garlic Naan ,$3.79 ,$3.79 ,"250 g, $1.52/100g","Wraps, Pitas & Flatbread",/p/20322759_EA
Traditional Naan,$3.79 ,$3.79 ,"250 g, $1.52/100g","Wraps, Pitas & Flatbread",/p/20321754_EA
Mini Naan Garlic 4 Flatbreads,$3.49 ,$3.49 ,"180 g, $1.94/100g","Wraps, Pitas & Flatbread",/p/21076210_EA
Gluten Free Tortillas Original,$5.99 ,$5.99 ,"360 g, $1.66/100g","Wraps, Pitas & Flatbread",/p/21367743_EA
Large Spinach Tortillas,$4.29 ,$4.29 ,"384 g, $1.12/100g","Wraps, Pitas & Flatbread",/p/20996875_EA
Medium White Wraps,$3.99 ,$3.99 ,"340 g, $1.17/100g","Wraps, Pitas & Flatbread",/p/20981852_EA
Large Tomato Salsa Tortillas,$4.29 ,$4.29 ,"384 g, $1.12/100g","Wraps, Pitas & Flatbread",/p/20981726_EA
"Roti Wrap Whole Wheat, 15pieces",$3.99 ,$3.99 ,"750 g, $0.53/100g","Wraps, Pitas & Flatbread",/p/21195569_EA
Mini Tortillas Original,$2.99 ,$2.99 ,"192 g, $1.56/100g","Wraps, Pitas & Flatbread",/p/20985379_EA
Extra Large Burrito Tortillas,$4.79 ,$4.79 ,"630 g, $0.76/100g","Wraps, Pitas & Flatbread",/p/21182240_EA
"Roti Wrap Original, 15pieces",$3.99 ,$3.99 ,"750 g, $0.53/100g","Wraps, Pitas & Flatbread",/p/21195607_EA
"7"" Whole Wheat Pita",$2.99 ,$2.99 ,"300 g, $1.00/100g","Wraps, Pitas & Flatbread",/p/20430242_EA
Naan Whole Wheat 5 Flatbreads,$3.29 ,$3.29 ,"500 g, $0.66/100g","Wraps, Pitas & Flatbread",/p/21051030_EA
"Balady Bread 7""",$2.99 ,$2.99 ,"300 g, $1.00/100g","Wraps, Pitas & Flatbread",/p/20430206_EA
Organic Original Tortilla 10,$4.79 ,$4.79 ,"390 g, $1.23/100g","Wraps, Pitas & Flatbread",/p/21177243_EA
Medium Corn Tortillas,$3.99 ,$3.99 ,"204 g, $1.96/100g","Wraps, Pitas & Flatbread",/p/20990826_EA
Everything Naan Dippers Club Size,$6.99 ,$6.99 ,"410 g, $1.70/100g","Wraps, Pitas & Flatbread",/p/21482370_EA
White Pitas,$5.99 ,$5.99 ,"900 g, $0.67/100g","Wraps, Pitas & Flatbread",/p/20310977_EA
"Balady Bread 12""",$2.99 ,$2.99 ,"648 g, $0.46/100g","Wraps, Pitas & Flatbread",/p/20757638_EA
Large Whole Wheat Wraps,$4.79 ,$4.79 ,"640 g, $0.75/100g","Wraps, Pitas & Flatbread",/p/21182245_EA
"Balady Bread 12""",$2.99 ,$2.99 ,"648 g, $0.46/100g","Wraps, Pitas & Flatbread",/p/20757426_EA
Whole Wheat Pitas,$5.99 ,$5.99 ,"842 g, $0.71/100g","Wraps, Pitas & Flatbread",/p/20063614_EA
Whole Wheat Pita Breads,$3.29 ,$3.29 ,"300 g, $1.10/100g","Wraps, Pitas & Flatbread",/p/20301926_EA
White Pita Breads,$3.29 ,$3.29 ,"300 g, $1.10/100g","Wraps, Pitas & Flatbread",/p/20132183_EA
Original Thin Pizza Crusts Thin,$4.49 ,$4.49 ,"440 g, $0.98/100g",Pizza Crusts & Crumbs ,/p/21416545_EA
Pizza Dough,$2.49 ,$2.49 ,"650 g, $0.38/100g",Pizza Crusts & Crumbs ,/p/20767549_EA
Thick Pizza Crust,$4.19 ,$4.19 ,"300 g, $1.40/100g",Pizza Crusts & Crumbs ,/p/20896528_EA
Appetizer Flatbreads,$3.49 ,$3.49 ,"220 g, $1.59/100g",Pizza Crusts & Crumbs ,/p/20910044_EA
Italian Style Bread Crumbs,$3.99 ,$3.99 ,"275 g, $1.45/100g",Pizza Crusts & Crumbs ,/p/20774168_EA
"Flatbread, Original",$3.49 ,$3.49 ,"300 g, $1.16/100g",Pizza Crusts & Crumbs ,/p/20910042_EA
Bread Crumbs,$3.49 ,$3.49 ,"300 g, $1.16/100g",Pizza Crusts & Crumbs ,/p/21339591_EA
"12"" Thin Pizza Starter Kit",$5.99 ,$5.99 ,"700 g, $0.86/100g",Pizza Crusts & Crumbs ,/p/20782086_EA
Gluten Free Plain Bread Crumbs,$4.69 ,$4.69 ,"275 g, $1.71/100g",Pizza Crusts & Crumbs ,/p/20832719_EA
Homestyle Stuffing ,$3.29 ,$3.29 ,"300 g, $1.10/100g",Pizza Crusts & Crumbs ,/p/21315298_EA
Stuffing Croutons,$4.99 ,$4.99 ,"567 g, $0.88/100g",Pizza Crusts & Crumbs ,/p/21339118_EA
BBQ Chicken (After 11am),$9.99 ,$9.99 ,"1 kg, $1.00/100g",Rotisserie & Fried Chicken,/p/20135644_EA
Free From Barbecue Seasoned Whole Chicken  (After 10am),$12.99 ,$12.99 ,"900 g, $1.44/100g",Rotisserie & Fried Chicken,/p/20722867_EA
Portuguese Style Seasoned Whole Chicken  (After 10am),$9.99 ,$9.99 ,"1 kg, $1.00/100g",Rotisserie & Fried Chicken,/p/20909632_EA
Chicken Legs & Wings,$5.16 ,$5.16 ,$12.90/1kg,Rotisserie & Fried Chicken,/p/20151829_KG
BBQ Chicken (After 11am),$6.95 ,$6.95 ,$13.90/1kg,Rotisserie & Fried Chicken,/p/20061487_KG
Crispy Chicken Vw    ,$13.90 ,$13.90 ,$13.90/1kg,Rotisserie & Fried Chicken,/p/21216315_KG
Skillet Gnocchi ,$5.99 ,$5.99 ,"280 g, $2.14/100g",Fresh Pasta & Sauce,/p/21022065_EA
"Rainbow Tortellini, Cheese, Twin Pack ",$7.99 ,$7.99 ,"500 g, $1.60/100g",Fresh Pasta & Sauce,/p/20321512_EA
Fresh Ricotta & Spinach Ravioli ,$5.99 ,$5.99 ,"450 g, $1.33/100g",Fresh Pasta & Sauce,/p/20915945_EA
"Rainbow Cheese Tortellini, Small",$4.29 ,$4.29 ,"350 g, $1.23/100g",Fresh Pasta & Sauce,/p/21302270_EA
Skillet Gnocchi ,$10.49 ,$10.49 ,"700 g, $1.50/100g",Fresh Pasta & Sauce,/p/21021889_EA
Rainbow Tortellini with Cheese ,$10.49 ,$10.49 ,"700 g, $1.50/100g",Fresh Pasta & Sauce,/p/20312412_EA
"Tortellini, 3 Cheese ",$10.40 ,$10.40 ,"700 g, $1.49/100g",Fresh Pasta & Sauce,/p/20311594_EA
Lasagna Sheets ,$4.49 ,$4.49 ,"360 g, $1.25/100g",Fresh Pasta & Sauce,/p/21021693_EA
Skillet Gnocchi ,$5.99 ,$5.99 ,"300 g, $2.00/100g",Fresh Pasta & Sauce,/p/21021520_EA
Rosée Pasta Sauce,$4.79 ,$4.79 ,"300 ml, $1.60/100ml",Fresh Pasta & Sauce,/p/20967234_EA
"Ravioli, Cheese & Spinach ",$4.29 ,$4.29 ,"350 g, $1.23/100g",Fresh Pasta & Sauce,/p/20320712_EA
Alfredo Pasta Sauce,$4.79 ,$4.79 ,"300 ml, $1.60/100ml",Fresh Pasta & Sauce,/p/20967220_EA
"Rainbow Cheese Tortellini, Large",$6.99 ,$10.49 ,"1000 g, $0.70/100g",Fresh Pasta & Sauce,/p/21302616_EA
"Ravioli, Fresh Ricotta & Spinach ",$10.49 ,$10.49 ,"600 g, $1.75/100g",Fresh Pasta & Sauce,/p/20915948_EA
"Tortellini, Beef ",$4.29 ,$4.29 ,"350 g, $1.23/100g",Fresh Pasta & Sauce,/p/20058077_EA
"Tortellini, Chicken Bacon ",$5.99 ,$5.99 ,"450 g, $1.33/100g",Fresh Pasta & Sauce,/p/20651922_EA
"Pasta Sauce, Creamy Rose‚ ",$8.99 ,$8.99 ,"600 ml, $1.50/100ml",Fresh Pasta & Sauce,/p/20011488_EA
Pesto Mozzarella Skillet Gnocchi,$6.49 ,$6.49 ,"280 g, $2.32/100g",Fresh Pasta & Sauce,/p/21434590_EA
Fresh Ricotta & Spinach Cannelloni ,$10.49 ,$10.49 ,"540 g, $1.94/100g",Fresh Pasta & Sauce,/p/20334658_EA
Basil & Cheese Pesto ,$6.49 ,$6.49 ,"160 g, $4.06/100g",Fresh Pasta & Sauce,/p/20132121_EA
Cheese & Bacon Tortellini Fresh Pasta,$4.29 ,$4.29 ,"350 g, $1.23/100g",Fresh Pasta & Sauce,/p/21306210_EA
Splendido Four Cheese Rainbow Tortellini,$8.99 ,$8.99 ,"700 g, $1.28/100g",Fresh Pasta & Sauce,/p/21479748_EA
Cheddar Bacon Family Size Skillet Gnocchi,$10.49 ,$10.49 ,"520 g, $2.02/100g",Fresh Pasta & Sauce,/p/21434874_EA
Spicy Braised Pork Tortellini,$6.99 ,$6.99 ,"560 g, $1.25/100g",Fresh Pasta & Sauce,/p/21479782_EA
"Pasta Sauce, Creamy Rosé ",$5.99 ,$5.99 ,"300 ml, $2.00/100ml",Fresh Pasta & Sauce,/p/20114410_EA
Ricotta and Spinach Filled Gnocchi,$3.59 ,$3.59 ,"280 g, $1.28/100g",Fresh Pasta & Sauce,/p/21470648_EA
Chicken Sacchettini ,$10.49 ,$10.49 ,"600 g, $1.75/100g",Fresh Pasta & Sauce,/p/20003058_EA
Tomato and Mozzarella Skillet Gnocchi,$6.49 ,$6.49 ,"280 g, $2.32/100g",Fresh Pasta & Sauce,/p/21203977_EA
Rosée Pasta Sauce,$7.49 ,$7.49 ,"580 ml, $1.29/100ml",Fresh Pasta & Sauce,/p/20967223_EA
"Pasta, Lasagna Sheets ",$5.99 ,$5.99 ,"360 g, $1.66/100g",Fresh Pasta & Sauce,/p/20126372_EA
Potato Gnocchi Club Size,$6.99 ,$6.99 ,"700 g, $1.00/100g",Fresh Pasta & Sauce,/p/21470680_EA
"Tortellini, Beef ",$6.99 ,$8.00 ,"1 kg, $0.70/100g",Fresh Pasta & Sauce,/p/20298385_EA
"Pasta Sauce, Classic Alfredo ",$5.99 ,$5.99 ,"300 ml, $2.00/100ml",Fresh Pasta & Sauce,/p/20093406_EA
Linguine ,$4.49 ,$4.49 ,"350 g, $1.28/100g",Fresh Pasta & Sauce,/p/20094335_EA
"Pasta Sauce, Alfredo Herb ",$8.99 ,$8.99 ,"600 ml, $1.50/100ml",Fresh Pasta & Sauce,/p/20310881_EA
Potato Gnocchi,$6.49 ,$6.49 ,"350 g, $1.85/100g",Fresh Pasta & Sauce,/p/21183265_EA
Alfredo Sauce,$7.49 ,$7.49 ,"580 ml, $1.29/100ml",Fresh Pasta & Sauce,/p/20967203_EA
Girassoli Made with Buffalo Milk Mozzarella,$6.49 ,$6.49 ,"250 g, $2.60/100g",Fresh Pasta & Sauce,/p/20502682_EA
Four Cheese Filled Gnocchi,$3.99 ,$3.99 ,"280 g, $1.43/100g",Fresh Pasta & Sauce,/p/21470667_EA
Pesto,$5.49 ,$5.49 ,190 ml,Fresh Pasta & Sauce,/p/20967228_EA
Splendido Rainbow Fettuccine,$5.49 ,$5.49 ,"700 g, $0.78/100g",Fresh Pasta & Sauce,/p/21479599_EA
Artisian Butternut Squash and Creamy Mascarpone ,$5.99 ,$5.99 ,"250 g, $2.40/100g",Fresh Pasta & Sauce,/p/20990085_EA
Stix Skillet Gnocchi,$5.69 ,$5.69 ,"280 g, $2.03/100g",Fresh Pasta & Sauce,/p/21548439_EA
"Girasoli, Spinach & Cashew",$4.99 ,$4.99 ,"300 g, $1.66/100g",Fresh Pasta & Sauce,/p/21477228_EA
Signature Formaggi with Aged Parmesan Reggiano 600g ,$10.49 ,$10.49 ,"600 g, $1.75/100g",Fresh Pasta & Sauce,/p/20921828_EA
Ravioli Grandi Butternut Squash & Brown Butter,$6.49 ,$6.49 ,"250 g, $2.60/100g",Fresh Pasta & Sauce,/p/21398593_EA
Ravioli Mushroom Lovers,$10.49 ,$10.49 ,"500 g, $2.10/100g",Fresh Pasta & Sauce,/p/21183299_EA
Shrimp & Lobster Ravioli Grandi ,$6.49 ,$6.49 ,"250 g, $2.60/100g",Fresh Pasta & Sauce,/p/21310253_EA
Splendido Roasted Vegetable Tortelloni,$8.99 ,$8.99 ,"600 g, $1.50/100g",Fresh Pasta & Sauce,/p/21165551_EA
Splendido Italian Sausage Cappelletti,$8.99 ,$8.99 ,"600 g, $1.50/100g",Fresh Pasta & Sauce,/p/21165484_EA
Marinara Pasta Sauce,$4.79 ,$4.79 ,"300 ml, $1.60/100ml",Fresh Pasta & Sauce,/p/20967201_EA
Linguine ,$6.99 ,$8.00 ,"1 kg, $0.70/100g",Fresh Pasta & Sauce,/p/20097415_EA
Artichoke and Asiago PDO Cheese Tortellone,$6.99 ,$6.99 ,"600 g, $1.17/100g",Fresh Pasta & Sauce,/p/21479597_EA
Fettuccine ,$4.49 ,$4.49 ,"350 g, $1.28/100g",Fresh Pasta & Sauce,/p/20306028_EA
Mac & Cheese Sauce,$7.49 ,$7.49 ,"580 ml, $1.29/100ml",Fresh Pasta & Sauce,/p/21125083_EA
Four Cheese Manicotti ,$10.49 ,$10.49 ,"540 g, $1.94/100g",Fresh Pasta & Sauce,/p/20655655_EA
"Beef Tortellini, Twin Pack ",$7.99 ,$7.99 ,"500 g, $1.60/100g",Fresh Pasta & Sauce,/p/20570436_EA
Cauliflower Emmental Skillet Gnocchi,$6.49 ,$6.49 ,"280 g, $2.32/100g",Fresh Pasta & Sauce,/p/21434873_EA
"Tortelloni, Italian Sausage ",$10.49 ,$10.49 ,"600 g, $1.75/100g",Fresh Pasta & Sauce,/p/20915839_EA
Mozzarella and Sun Dried Tomato Girasole,$8.99 ,$8.99 ,"600 g, $1.50/100g",Fresh Pasta & Sauce,/p/21165476_EA
"Ravioli, Cheese & Spinach ",$6.99 ,$8.00 ,"1 kg, $0.70/100g",Fresh Pasta & Sauce,/p/20025156_EA
Mushroom Ravioli ,$8.99 ,$8.99 ,"600 g, $1.50/100g",Fresh Pasta & Sauce,/p/21165550_EA
Splendido Ricotta and Spinach Girasole,$8.99 ,$8.99 ,"600 g, $1.50/100g",Fresh Pasta & Sauce,/p/21165480_EA
Chicken Prosciutto Cannelloni ,$10.49 ,$10.49 ,"540 g, $1.94/100g",Fresh Pasta & Sauce,/p/20297095_EA
"Tortellini with Cheese, Twin Pack ",$7.99 ,$7.99 ,"500 g, $1.60/100g",Fresh Pasta & Sauce,/p/20316698_EA
Mezzelune Burrata & ‘Nduja,$6.49 ,$6.49 ,"250 g, $2.60/100g",Fresh Pasta & Sauce,/p/21398594_EA
Marinara Pasta Sauce,$7.49 ,$7.49 ,"580 ml, $1.29/100ml",Fresh Pasta & Sauce,/p/20967241_EA
"Triangoli, Porcini Mushroom with Truffle",$6.49 ,$6.49 ,"250 g, $2.60/100g",Fresh Pasta & Sauce,/p/20704922_EA
Nested Angel Hair,$4.99 ,$4.99 ,"300 g, $1.66/100g",Fresh Pasta & Sauce,/p/21099641_EA
"Ravioli, Braised Beef au jus ",$10.49 ,$10.49 ,"500 g, $2.10/100g",Fresh Pasta & Sauce,/p/20915834_EA
"Penne Chicken Alfredo, Large",$15.00 ,$15.00 ,"1222 g, $1.23/100g",Entrees & Appetizers,/p/21395979_EA
"Penne Chicken Alfredo, Small",$9.00 ,$9.00 ,"610 g, $1.48/100g",Entrees & Appetizers,/p/21395975_EA
Chicken Taco Kit,$15.00 ,$15.00 ,"1 kg, $1.50/100g",Entrees & Appetizers,/p/21377301_EA
"Rigatoni Marinara Meatballs, Large",$15.00 ,$15.00 ,"1222 g, $1.23/100g",Entrees & Appetizers,/p/21395980_EA
"Rigatoni Marinara Meatballs, Small",$9.00 ,$9.00 ,"610 g, $1.48/100g",Entrees & Appetizers,/p/21395976_EA
Baked Mac & Cheese,$7.49 ,$7.49 ,"567 g, $1.32/100g",Entrees & Appetizers,/p/20338009_EA
Garlic Mashed Potatoes ,$5.19 ,$5.19 ,"680 g, $0.76/100g",Entrees & Appetizers,/p/20776009_EA
Pork Bao  (After 11am),$5.00 ,$5.00 ,"175 g, $2.86/100g",Entrees & Appetizers,/p/20902609_EA
Baked Scalloped Potatoes ,$7.49 ,$7.49 ,"567 g, $1.32/100g",Entrees & Appetizers,/p/20339446_EA
Chicken Souvlaki Meal Kit,$15.00 ,$15.00 ,"1000 g, $1.50/100g",Entrees & Appetizers,/p/21469583_EA
Crispy Chicken Spring Rolls,$4.99 ,$4.99 ,"350 g, $1.43/100g",Entrees & Appetizers,/p/21378594_EA
Stuffed Peppers,$15.00 ,$15.00 ,"1.27 kg, $1.18/100g",Entrees & Appetizers,/p/21354736_EA
Roast Garlic and Rosemary Potato,$6.89 ,$6.89 ,"482 g, $1.43/100g",Entrees & Appetizers,/p/21122979_EA
"Mandu Dumplings, Beef Bulgogi",$4.99 ,$4.99 ,"250 g, $2.00/100g",Entrees & Appetizers,/p/21540319_EA
Burrito Bowl,$8.00 ,$8.00 ,"475 g, $1.68/100g",Entrees & Appetizers,/p/21498861_EA
Falafel Pita Meal Kit,$15.00 ,$15.00 ,"1000 g, $1.50/100g",Entrees & Appetizers,/p/21469584_EA
Chicken Parmesan Meal Kit,$15.00 ,$15.00 ,"1.1 kg, $1.36/100g",Entrees & Appetizers,/p/21469580_EA
"Vegetable Samosas, 5 pack",$12.99 ,$12.99 ,"700 g, $1.62/100g",Entrees & Appetizers,/p/21065724_EA
"Chicken Samosa, 2 pack",$6.19 ,$6.19 ,"280 g, $1.88/100g",Entrees & Appetizers,/p/21065805_EA
Rice Noodle Meal Kit,$11.49 ,$11.49 ,"510 g, $2.25/100g",Entrees & Appetizers,/p/21532244_EA
Beef Empanades with Chipotle Sauce  (After 11am),$13.00 ,$13.00 ,"1 ea, $13.00/1ea",Entrees & Appetizers,/p/20823438_EA
Beef Empanadas & Chipotle Sauce  (After 11am),$7.00 ,$7.00 ,"255 g, $2.75/100g",Entrees & Appetizers,/p/20824417_EA
Chipotle Chicken Empanadas  (After 11am),$13.00 ,$13.00 ,"1 ea, $13.00/1ea",Entrees & Appetizers,/p/20823078_EA
"Beef Samosa, 2Pack",$6.19 ,$6.19 ,"280 g, $1.88/100g",Entrees & Appetizers,/p/21065806_EA
Rigatoni in Marinara Sauce  (After 11am),$15.00 ,$15.00 ,"1.8 kg, $0.83/100g",Entrees & Appetizers,/p/20824316_EA
Shanghai Noodle Meal Kit,$11.49 ,$11.49 ,"510 g, $2.25/100g",Entrees & Appetizers,/p/21532273_EA
Rigatoni Marinara  (After 11am),$8.00 ,$8.00 ,"600 g, $1.33/100g",Entrees & Appetizers,/p/20938340_EA
"Beef Samosas, 5 pack",$12.99 ,$12.99 ,"700 g, $1.62/100g",Entrees & Appetizers,/p/21065770_EA
Mashed Potato  (After 11am),$5.49 ,$5.49 ,"1 ea, $5.49/1ea",Entrees & Appetizers,/p/20824403_EA
"Vegetable Samosa, 2 pack",$6.19 ,$6.19 ,"280 g, $1.88/100g",Entrees & Appetizers,/p/21065808_EA
"Chicken Samosas, 5 pack",$12.99 ,$12.99 ,"700 g, $1.62/100g",Entrees & Appetizers,/p/21065768_EA
Chicken Empanadas & Chipotle Sauce  (After 11am),$7.00 ,$7.00 ,"1 ea, $7.00/1ea",Entrees & Appetizers,/p/20823840_EA
Large Caesar Salad,$8.00 ,$8.00 ,"558 g, $1.61/100g",Salads & Soups,/p/21363212_EA
Large Greek Salad,$8.00 ,$8.00 ,"740 g, $1.08/100g",Salads & Soups,/p/21363221_EA
Caesar Salad Family Size,$15.00 ,$15.00 ,"785 g, $2.03/100g",Salads & Soups,/p/20972499_EA
Creamy Green Coleslaw,$3.49 ,$3.49 ,"454 g, $0.77/100g",Salads & Soups,/p/20309160_EA
Potato & Egg Salad,$3.49 ,$3.49 ,"454 g, $0.77/100g",Salads & Soups,/p/20084505_EA
Macaroni & Cheese Salad,$3.49 ,$3.49 ,"454 g, $0.77/100g",Salads & Soups,/p/20326055_EA
Potato & Egg Salad,$5.99 ,$5.99 ,"1.25 kg, $0.48/100g",Salads & Soups,/p/20300981_EA
"Caesar Salad, Small",$4.05 ,$4.05 ,$17.61/1kg,Salads & Soups,/p/20011985_KG
"Chicken BLT Salad, Small",$5.05 ,$5.05 ,$18.72/1kg,Salads & Soups,/p/20072865_KG
Creamy Potato Salad,$3.49 ,$3.49 ,"454 g, $0.77/100g",Salads & Soups,/p/20302838_EA
Greek Salad Family Size,$15.00 ,$15.00 ,"1 kg, $1.50/100g",Salads & Soups,/p/20972500_EA
Greek Feta Pasta Salad,$7.99 ,$7.99 ,"800 g, $1.00/100g",Salads & Soups,/p/20094285_EA
Macaroni Salad,$5.99 ,$5.99 ,"1.25 kg, $0.48/100g",Salads & Soups,/p/20316256_EA
Creamy Potato Salad,$5.99 ,$5.99 ,"1.25 kg, $0.48/100g",Salads & Soups,/p/20312124_EA
"Greek Salad, Small",$5.46 ,$5.46 ,$17.61/1kg,Salads & Soups,/p/20159936_KG
"Chicken Caesar Salad, Small",$5.35 ,$5.35 ,$19.82/1kg,Salads & Soups,/p/20016718_KG
Macaroni & Cheese Salad,$5.99 ,$5.99 ,"1.25 kg, $0.48/100g",Salads & Soups,/p/20302064_EA
Potato and Egg Salad,$4.99 ,$4.99 ,"454 g, $1.10/100g",Salads & Soups,/p/20962386_EA
Greek Feta Pasta Salad,$4.49 ,$4.49 ,"300 g, $1.50/100g",Salads & Soups,/p/20159695_EA
Romaine Salad Family Size,$12.00 ,$12.00 ,"1 kg, $1.20/100g",Salads & Soups,/p/20972512_EA
Macaroni Salad,$4.99 ,$4.99 ,"454 g, $1.10/100g",Salads & Soups,/p/20962394_EA
Small Sweet Kale Salad,$8.81 ,$8.81 ,$22.02/1kg,Salads & Soups,/p/20974222_KG
Creamy Green Coleslaw,$5.99 ,$5.99 ,"1.25 kg, $0.48/100g",Salads & Soups,/p/20166973_EA
Sweet Kale Salad Family Size,$15.00 ,$15.00 ,"1 ea, $15.00/1ea",Salads & Soups,/p/21007757_EA
Italiano Pasta,$7.99 ,$7.99 ,"800 g, $1.00/100g",Salads & Soups,/p/20250919_EA
"Broccoli Salad, Mini",$4.00 ,$4.00 ,"210 g, $1.90/100g",Salads & Soups,/p/21048739_EA
Summer Rotini Salad,$8.99 ,$8.99 ,"800 g, $1.12/100g",Salads & Soups,/p/21307732_EA
Greek Chicken Salad,$4.40 ,$4.40 ,$17.61/1kg,Salads & Soups,/p/20774148_KG
Potato Salad,$7.99 ,$7.99 ,"1250 g, $0.64/100g",Salads & Soups,/p/20962332_EA
Cheesy Macaroni     ,$7.99 ,$7.99 ,"1.25 kg, $0.64/100g",Salads & Soups,/p/21182557_EA
Potato and Egg Salad,$7.99 ,$7.99 ,"1250 g, $0.64/100g",Salads & Soups,/p/20962387_EA
"Pineapple Vegetable Kebab, 4 pack",$8.00 ,$8.00 ,"764 g, $1.05/100g",Salads & Soups,/p/21456920_EA
"Mushroom Kebab, 4 pack",$8.00 ,$8.00 ,"604 g, $1.32/100g",Salads & Soups,/p/21456919_EA
Broccoli Cheddar,$6.99 ,$6.99 ,"700 ml, $1.00/100ml",Salads & Soups,/p/21080776_EA
Large Shrimp & Bacon Caesar Salad,$12.00 ,$12.00 ,"926 g, $1.30/100g",Salads & Soups,/p/21518505_EA
Crunchy Coleslaw,$4.99 ,$4.99 ,"425 g, $1.17/100g",Salads & Soups,/p/20962398_EA
"Spinach Salad with Goat Cheese, Small",$5.73 ,$5.73 ,$22.02/1kg,Salads & Soups,/p/20071954_KG
Butternut Squash & Maple Soup,$6.99 ,$6.99 ,"700 ml, $1.00/100ml",Salads & Soups,/p/20970013_EA
Potato Salad with Deviled Egg,$5.49 ,$5.49 ,"454 g, $1.21/100g",Salads & Soups,/p/21101438_EA
"Chick Pea Salad, Mini",$4.00 ,$4.00 ,"550 g, $1.10/100g",Salads & Soups,/p/21048741_EA
Corn and Pepper Quinoa Salad,$17.90 ,$17.90 ,$1.79/100g,Salads & Soups,/p/21313699_KG
Red Skin Potato Salad,$10.99 ,$10.99 ,"1.81 kg, $0.61/100g",Salads & Soups,/p/20338259_EA
Red Skin Potato Salad,$4.99 ,$4.99 ,"454 g, $1.10/100g",Salads & Soups,/p/21182423_EA
"California Salad, Small",$3.08 ,$3.08 ,$17.61/1kg,Salads & Soups,/p/20175121_KG
Roasted Red Pepper & Gouda,$6.99 ,$6.99 ,"700 ml, $1.00/100ml",Salads & Soups,/p/20969423_EA
Macaroni Salad,$7.99 ,$7.99 ,"1250 g, $0.64/100g",Salads & Soups,/p/20962368_EA
Coleslaw Crunchy,$7.99 ,$7.99 ,"1250 g, $0.64/100g",Salads & Soups,/p/20962362_EA
Large Steak & Egg Salad,$13.00 ,$13.00 ,"698 g, $1.86/100g",Salads & Soups,/p/21432397_EA
Greek Pasta Salad  (After 11am),$16.49 ,$16.49 ,"1 ea, $1.50/100g",Salads & Soups,/p/20907291_EA
3 Grain Sesame Ginger Salad,$4.79 ,$4.79 ,"300 g, $1.60/100g",Salads & Soups,/p/21467109_EA
Deluxe Bean Salad,$15.00 ,$15.00 ,"1100 g, $1.36/100g",Salads & Soups,/p/20962924_EA
Chicken Noodle Soup,$6.00 ,$6.99 ,"700 ml, $0.86/100ml",Salads & Soups,/p/20970016_EA
"Cobb Salad, Small",$7.63 ,$7.63 ,$23.13/1kg,Salads & Soups,/p/20599494_KG
Quinoa Chickpea Kale Salad,$13.79 ,$13.79 ,"1.1 kg, $1.25/100g",Salads & Soups,/p/20997892_EA
The Big Sandwich,$11.00 ,$11.00 ,"1 kg, $1.10/100g",Sandwiches,/p/21030078_EA
"The Big Sub, 3 pack",$11.00 ,$11.00 ,"1 kg, $1.10/100g",Sandwiches,/p/21050027_EA
"Mini Pizza Subs, Family Pack",$12.99 ,$12.99 ,"830 g, $1.57/100g",Sandwiches,/p/20120214_EA
Half Big Sandwich,$6.00 ,$6.00 ,"500 g, $1.20/100g",Sandwiches,/p/21406838_EA
Turkey Havarti Sandwich,$6.49 ,$6.49 ,"274 g, $2.37/100g",Sandwiches,/p/21412149_EA
"Egg Salad Sandwich, Multigrain  (After 11am)",$4.49 ,$4.49 ,"1 ea, $4.49/1ea",Sandwiches,/p/20887260_EA
Egg Salad Sandwich  (After 11am),$4.49 ,$4.49 ,"1 ea, $4.49/1ea",Sandwiches,/p/20014689_EA
Roast Beef Sandwich,$6.49 ,$6.49 ,"218 g, $2.98/100g",Sandwiches,/p/21412103_EA
"Mini Ham Subs, Family Pack",$13.29 ,$13.29 ,"770 g, $1.73/100g",Sandwiches,/p/20083854_EA
"Tuna Sandwich, Multigrain  (After 11am)",$4.49 ,$4.49 ,"1 ea, $4.49/1ea",Sandwiches,/p/20886887_EA
Tuna Sandwich  (After 11am),$4.49 ,$4.49 ,"1 ea, $4.49/1ea",Sandwiches,/p/20171804_EA
Bacon Chicken Wrap  (After 11am),$5.49 ,$5.49 ,"1 ea, $5.49/1ea",Sandwiches,/p/20887377_EA
Pizza Sub,$6.49 ,$6.49 ,"1 ea, $6.49/1ea",Sandwiches,/p/21003432_EA
Turkey Jalapeno & Monterey Jack Wrap  (After 11am),$5.49 ,$5.49 ,"1 ea, $5.49/1ea",Sandwiches,/p/20887378_EA
Classic Chicken Salad Sandwich  (After 11am),$4.49 ,$4.49 ,"1 ea, $4.49/1ea",Sandwiches,/p/20069316_EA
Spicy Beef Donair,$10.29 ,$10.29 ,"375 g, $2.74/100g",Sandwiches,/p/21284466_EA
1/4 lb Cheese Burger,$10.29 ,$10.29 ,"450 g, $2.29/100g",Sandwiches,/p/21284475_EA
"Chicken Salad Sandwich, Multigrain  (After 11am)",$4.49 ,$4.49 ,"1 ea, $4.49/1ea",Sandwiches,/p/20887252_EA
Spicy California Roll (After 11am),$7.50 ,$7.50 ,"220 g, $3.41/100g",Sushi,/p/20089577_EA
California Roll (After 11am),$7.50 ,$7.50 ,"200 g, $3.75/100g",Sushi,/p/20184852_EA
Spicy California Crunch Roll (After 11am),$8.50 ,$8.50 ,"257 g, $3.31/100g",Sushi,/p/21162066_EA
Vegetable California Roll (After 11am),$7.50 ,$7.50 ,"200 g, $3.75/100g",Sushi,/p/20074851_EA
Salmon Sushi Combo (After 11am),$14.00 ,$14.00 ,"340 g, $4.12/100g",Sushi,/p/20353428_EA
California Family Pack (After 11am),$17.00 ,$17.00 ,"620 g, $2.74/100g",Sushi,/p/20793972_EA
Crunch Family Pack (After 11am),$18.00 ,$18.00 ,"609 g, $2.96/100g",Sushi,/p/21161942_EA
Dynamite Roll (After 11am),$10.00 ,$10.00 ,"220 g, $4.55/100g",Sushi,/p/20027441_EA
Dynamite Crunch Roll (After 11am),$11.00 ,$11.00 ,"274 g, $4.01/100g",Sushi,/p/21161945_EA
Salmon Avocado Roll (After 11am),$10.00 ,$10.00 ,"200 g, $5.00/100g",Sushi,/p/20611326_EA
Mini Vegetable Roll (After 11am),$6.00 ,$6.00 ,"180 g, $3.33/100g",Sushi,/p/20250461_EA
"Bento Toki Combo, Hot Meal",$10.00 ,$10.00 ,"343 g, $2.92/100g",Sushi,/p/21211913_EA
Pork Gyoza,$5.00 ,$5.00 ,"130 g, $3.85/100g",Sushi,/p/20114906_EA
Seaweed Salad,$5.00 ,$5.00 ,"100 g, $5.00/100g",Sushi,/p/20040987_EA
Seaweed Sheets,$6.99 ,$6.99 ,"25 g, $27.96/100g",Sushi,/p/20750367_EA
Pickled Ginger,$5.99 ,$5.99 ,"340 g, $1.76/100g",Sushi,/p/20750618_EA
Goma Dressing,$4.49 ,$4.49 ,"350 ml, $1.28/100g",Sushi,/p/20751022_EA
Wasabi Flavoured Horseradish,$2.99 ,$2.99 ,"43 g, $6.95/100g",Sushi,/p/20751024_EA
Sushi Rice Seasoning,$4.49 ,$4.49 ,"355 ml, $1.26/100ml",Sushi,/p/20751025_EA
Soy Sauce,$5.00 ,$5.00 ,"296 ml, $1.69/100ml",Sushi,/p/20750379_EA
Roasted Sesame Seeds (After 11am),$3.00 ,$3.00 ,"100 g, $3.00/100g",Sushi,/p/20901930_EA
Rice Paper Sheets,$4.99 ,$4.99 ,"400 g, $1.25/100g",Sushi,/p/20750914_EA
Panko Flakes,$3.49 ,$3.49 ,"200 g, $1.75/100g",Sushi,/p/20751021_EA
Wasabi Flavoured Powder  (After 11am),$3.00 ,$3.00 ,"80 g, $3.75/100g",Sushi,/p/20901928_EA
Pickled Ginger,$3.00 ,$3.00 ,"150 g, $2.00/100g",Sushi,/p/20901921_EA
Spicy Tuna Roll  (After 11am),$10.00 ,$10.00 ,"200 g, $5.00/100g",Sushi,/p/20818596_EA
White Sushi Rice  (After 11am),$6.00 ,$6.00 ,"750 g, $0.80/100g",Sushi,/p/20901923_EA
Chicken Chimichangas 2 Pack,$6.00 ,$6.00 ,"394 g, $1.52/100g",Fries & Sides,/p/21184670_EA
Pepperoni Pizza,$10.00 ,$10.00 ,"797 g, $1.25/100g",Pizza,/p/21547481_EA
Meat Lovers Pizza,$10.00 ,$10.00 ,"837 g, $1.19/100g",Pizza,/p/21547484_EA
Pineapple & Ham Pizza,$10.00 ,$10.00 ,"857 g, $1.17/100g",Pizza,/p/21547485_EA
Taco Beef Pizza,$10.00 ,$10.00 ,"812 g, $1.23/100g",Pizza,/p/21547473_EA
BBQ Chicken Pizza,$10.00 ,$10.00 ,"820 g, $1.22/100g",Pizza,/p/21547479_EA
Cheese Pizza,$10.00 ,$10.00 ,"805 g, $1.24/100g",Pizza,/p/21547474_EA
Margherita Flatbread,$7.00 ,$7.00 ,"495 g, $1.41/100g",Pizza,/p/21333841_EA
Veggie Flatbread,$7.00 ,$7.00 ,"500 g, $1.40/100g",Pizza,/p/21333794_EA
Beef Sausage Rolls,$8.79 ,$8.79 ,"630 g, $1.40/100g",Quiches & Pies,/p/21116219_EA
Creamy Chicken and Vegetable Pot Pie,$8.00 ,$8.00 ,"500 g, $1,600.00/100g",Quiches & Pies,/p/21401776_EA
Quiche Florentine,$8.00 ,$8.00 ,"500 g, $1.60/100g",Quiches & Pies,/p/21401761_EA
Green Tea,$2.29 ,$2.29 ,"473 ml, $0.48/100ml",Beverages,/p/20923222_EA
"Hard-boiled Eggs, Omega-3",$1.29 ,$1.29 ,"88 g, $1.47/100g",Snacks & Dips,/p/21049546_EA
